3043 3838
1526 220 1556 277 4

652 368 745 425 (15)
996 369 1133 413 Flaua
1163 369 1303 425 Ceres,
1334 370 1413 414 tibi
1443 370 1498 414 sit
1528 375 1671 414 nostro
1701 370 1755 414 de
1783 382 1879 413 rure
1909 381 2065 413 corona

651 439 744 492 (16)
1066 438 1234 494 Spicea,
1265 452 1375 494 quae
1404 439 1552 494 templi
1580 437 1765 494 pendeat
1794 443 1894 482 ante
1921 438 2046 482 fores.

652 506 745 559 (17)
863 507 919 548 25
995 506 1272 560 Pomosisque
1302 507 1427 550 ruber
1456 511 1598 549 custos
1628 511 1810 561 ponatur
1837 506 1882 548 in
1911 505 2057 559 hortis,

650 574 744 629 (18)
1063 574 1239 618 Terreat
1268 579 1314 618 ut
1343 589 1474 636 saeua
1503 574 1613 618 falce
1642 573 1823 630 Priapus
1852 586 1968 626 aues,

652 643 744 698 (13)
994 643 1048 686 Et
1078 642 1372 699 quodcumque
1401 643 1506 688 mihi
1534 656 1705 701 pomum
1735 642 2053 687 nouusreducat
2083 656 2202 700 anus,

653 711 746 766 (14)
1063 711 1264 754 Libatum
1294 712 1527 768 agricolam
1557 712 1726 768 ponitur
1755 716 1854 754 ante
1883 711 2021 755 deum.

650 780 743 835 (19)
993 780 1079 823 Vos
1108 793 1288 836 quoque,
1319 780 1457 824 felicis
1487 780 1713 835 quondam,
1744 792 1855 823 nunc
1885 779 2085 835 pauperis
2115 781 2208 836 agri

651 848 742 903 (20)
859 849 915 892 30
1061 849 1280 903 Custodes,
1312 850 1431 893 fertis
1461 863 1636 893 munera
1664 853 1819 903 uestra,
1852 848 2003 901 Lares;

991 917 1113 959 Tunc
1143 918 1280 960 uitula
1309 917 1553 961 innumeros
1583 917 1791 960 lustrabat
1820 929 1947 959 caesa
1975 916 2195 960 iuuencos:

1058 986 1182 1027 Nunc
1211 999 1325 1040 agna
1355 986 1500 1040 exigui
1530 991 1593 1028 est
1623 985 1763 1028 hostia
1792 998 1927 1040 parua
1956 984 2048 1027 soli.

994 1053 1120 1108 Agna
1150 1053 1274 1096 cadet
1304 1054 1438 1108 uobis,
1470 1067 1598 1108 quam
1629 1054 1787 1096 circum
1817 1053 1975 1096 rustica
2003 1052 2137 1108 pubes

648 1121 740 1175 (24)
1062 1121 1227 1163 Clamet
1257 1122 1326 1176 „io
1356 1135 1514 1164 messes
1544 1126 1585 1164 et
1615 1122 1728 1164 bona
1757 1121 1859 1163 uina
1889 1119 2030 1164 date.“

648 1189 741 1244 (35)
803 1226 806 1229 .
858 1189 914 1232 35
991 1189 1072 1231 Hic
1103 1202 1182 1245 ego
1212 1195 1507 1245 pastoremque
1538 1203 1677 1232 meum
1707 1189 1886 1232 lustrare
1916 1189 2142 1243 quotannis

1061 1258 1115 1300 Et
1144 1258 1359 1313 placidam
1389 1258 1503 1300 soleo
1534 1271 1733 1313 spargere
1758 1257 1872 1307 ¹-lacte
1902 1257 2061 1299 Palem.

988 1326 1163 1380 Adsitis‚
1197 1326 1299 1381 diui,
1331 1341 1408 1370 nec
1438 1341 1515 1370 uos
1544 1341 1567 1369 e
1598 1339 1783 1382 paupere
1812 1340 1959 1369 mensa

1059 1395 1183 1436 Dona
1214 1409 1292 1438 nec
1322 1409 1346 1438 e
1376 1395 1492 1451 puris
1523 1395 1707 1450 spernite
1737 1394 1948 1437 fictilibus.

578 1530 755 1574 Duobus
785 1530 915 1586 igitur
945 1529 1048 1573 locis
1080 1535 1288 1573 mutatum
1318 1544 1515 1574 uersuum
1546 1530 1736 1574 ordinem
1766 1530 1973 1585 uidemus,
2004 1531 2200 1586 primum,
2232 1537 2277 1574 ut
2306 1545 2332 1574 a
2362 1532 2521 1574 minore
2551 1529 2684 1573 ordia-

372 1614 467 1644 mur
496 1614 559 1654 ΓΘ,
604 1613 752 1642 uersus
786 1601 849 1642 13.
885 1602 937 1642 14
970 1602 1021 1650 (et
1050 1606 1296 1654 quodcumqae
1322 1624 1381 1630 —
1409 1611 1490 1641 ante
1519 1603 1642 1652 deum)
1673 1604 1769 1654 post
1798 1613 1883 1641 uss.
1918 1601 1981 1641 17.
2018 1600 2069 1642 18
2100 1601 2336 1653 (pomosisque
2364 1605 2471 1642 ruber
2492 1622 2549 1631 —-
2576 1603 2686 1641 Pria-

365 1687 440 1724 pus
470 1673 573 1720 anes)
604 1673 821 1710 retractos.

579 1735 700 1778 Ferri
730 1735 843 1779 enim
873 1749 958 1779 non
989 1749 1114 1791 posse
1145 1735 1249 1779 dicit
1277 1736 1481 1789 Haasius,
1525 1748 1654 1790 quum
1690 1735 1841 1778 ceteris
1883 1734 1974 1778 deis
2011 1734 2252 1790 agrestibus
2281 1735 2535 1778 enumeratis
2564 1739 2688 1790 poeta

373 1805 518 1860 addat,
550 1818 660 1859 quae
690 1804 843 1860 cuique
866 1819 1042 1848 munera
1066 1805 1227 1860 offerat,
1258 1804 1332 1848 uni
1355 1804 1510 1861 Priapo
1534 1804 1696 1848 nullum
1719 1816 1871 1848 munus
1894 1803 2094 1860 promitti.
2142 1808 2257 1858 Atque
2278 1815 2316 1847 ut
2337 1809 2403 1847 hoc
2424 1809 2510 1855 loeo,
2539 1803 2686 1859 inquit,

369 1879 542 1925 ferendus
575 1891 644 1915 non
681 1885 730 1916 est
765 1878 853 1916 deae
886 1880 961 1916 sine
994 1892 1137 1916 munere
1165 1879 1375 1928 appellatus,
1415 1880 1465 1915 ita
1497 1880 1568 1916 alio
1603 1880 1677 1916 loco
1712 1891 1781 1915 non
1813 1878 1974 1926 feremus
2008 1890 2136 1915 munus
2172 1879 2245 1915 eine
2280 1878 2345 1915 deo
2370 1883 2688 1915 commemoratam.

371 1947 516 1984 Etenim
545 1957 648 1995 quem
676 1945 821 1983 tandem
857 1946 962 1983 deum
997 1946 1195 1995 significari
1227 1946 1384 1982 dicemus
1411 1959 1446 1982 u.
1479 1948 1547 1992 14,
1588 1948 1647 1983 cui
1675 1958 1788 1995 poma
1816 1949 2092 1994 promittantur?
2150 1945 2361 1994 Appellatar
2397 1945 2484 1982 deus
2513 1946 2683 1993 aqricola.

289 2027 302 2039 ·
372 2015 498 2064 Neque
525 2026 611 2052 uero
641 2013 877 2052 dubitandum
907 2020 973 2060 eet,
1009 2016 1092 2064 quin
1128 2020 1242 2052 certus
1270 2015 1398 2063 aliquis
1428 2015 1515 2051 deus
1544 2015 1784 2063 intelliqendue
1812 2015 1872 2059 sit,
1906 2014 1947 2051 id
1974 2014 2073 2062 quod
2098 2015 2185 2051 satis
2214 2019 2367 2062 apparet
2396 2026 2439 2050 ex
2467 2014 2542 2062 ipso
2571 2013 2684 2050 sacri·

362 2084 461 2131 ficio.
490 2095 559 2131 quo
587 2084 618 2119 is
642 2082 689 2119 ab
717 2083 797 2119 aliie
826 2082 1049 2119 discernitur.
1113 2082 1221 2127 Quod
1247 2089 1286 2119 ut
1307 2084 1422 2132 possit
1441 2084 1534 2131 fieri,
1563 2084 1670 2119 simul
1695 2094 1739 2119 ne
1760 2082 1922 2131 Priapus
1950 2095 2093 2120 munere
2120 2095 2185 2120 eno
2214 2082 2411 2128 fraudetur
2433 2094 2524 2119 uers.
2549 2082 2611 2118 13.
2637 2082 2685 2118 14

373 2156 456 2186 sunt
478 2150 640 2197 ponendi
661 2155 744 2196 poet
772 2163 806 2185 u.
836 2151 900 2185 17.
933 2151 995 2185 18.
1052 2150 1111 2186 Ita
1142 2152 1231 2186 enim
1250 2150 1313 2196 fit,
1354 2156 1391 2187 ut
1419 2151 1581 2198 agricola
1618 2150 1705 2187 deus
1739 2151 1855 2187 nullus
1891 2151 1983 2188 alius
2009 2152 2054 2188 sit
2081 2152 2153 2188 nisi
2177 2152 2241 2199 qui
2267 2150 2371 2187 modo
2402 2140 2599 2187 nominatus
2629 2155 2689 2186 est.

372 2215 553 2265 Priapus,
594 2217 653 2253 cui
682 2227 794 2264 poma
824 2215 931 2265 uulqo
961 2216 1087 2266 afferri
1118 2216 1221 2253 solita
1257 2217 1472 2254 notissimum
1503 2221 1561 2254 est.
1619 2212 1737 2255 Haec
1767 2212 1964 2256 HaaSius.
2025 2212 2183 2257 Contra
2218 2224 2344 2266 quem
2384 2211 2540 2268 prodiit
2574 2210 2689 2255 Otto

372 2278 684 2323 Ribbeckius
713 2283 756 2323 et
785 2277 897 2322 hunc
926 2278 1014 2323 fere
1045 2279 1089 2323 in
1120 2279 1291 2323 modum
1322 2279 1556 2336 disputauit
1585 2279 1690 2334 (ind.
1721 2280 1852 2324 schol.
1884 2281 1928 2323 in
1958 2280 2079 2324 acad.
2105 2280 2287 2323 Kiliensi
2316 2285 2419 2322 aest.
2450 2293 2547 2322 ann.
2582 2281 2687 2323 1867

372 2345 587 2402 habend.)
647 2351 799 2389 Duobus
836 2351 891 2389 his
927 2351 1084 2390 distichis
1119 2354 1313 2391 coniunctis
1346 2350 1425 2400 (17.
1457 2354 1520 2389 18.
1552 2353 1615 2390 13.
1644 2354 1714 2400 14)
1755 2360 1902 2403 praeter
1935 2355 2117 2391 molestam
2151 2359 2184 2390 et
2217 2355 2369 2390 inutilem
2405 2353 2560 2389 eiusdem
2594 2353 2693 2390 uerbi

366 2431 529 2469 ponere
557 2421 792 2469 repetitionem
817 2422 934 2470 mayn]
957 2422 1062 2458 etiam
1090 2420 1159 2458 sibi
1185 2421 1373 2471 displicere
1400 2416 1508 2458 dixit
1538 2421 1726 2457 modorum
1750 2427 1944 2471 ponatur
1972 2428 2004 2458 et
2027 2424 2208 2472 ponitur
2236 2421 2479 2470 differentiam.
2520 2420 2688 2458 Ponendo

371 2488 508 2538 Priapi
532 2490 634 2538 siquo
662 2490 823 2538 promitti
855 2501 970 2539 poma
1006 2489 1181 2535 debuisse,
1223 2502 1267 2527 ne
1296 2491 1454 2539 potuisse
1494 2489 1635 2538 quidem
1672 2490 1814 2538 deferri.
1871 2490 2015 2528 Deinde
2050 2491 2230 2540 ayricolae
2265 2489 2325 2526 dei
2360 2489 2548 2538 appellatio
2583 2502 2689 2538 quum

376 2556 509 2594 rediret
538 2558 578 2603 5,
610 2557 678 2602 27,
720 2563 990 2595 consentaneum
1031 2559 1122 2595 illud
1154 2558 1296 2607 quidem
1338 2570 1427 2603 esse,
1464 2558 1611 2595 eundem
1646 2564 1791 2607 utroque
1825 2560 1901 2596 loco
1932 2571 1955 2595 a
1986 2565 2096 2608 poeta
2132 2559 2236 2596 deam
2270 2557 2427 2605 intelligi.
2487 2556 2597 2606 Atqui
2622 2559 2691 2596 illic

376 2623 554 2661 Tibullum
584 2626 681 2673 loqui
708 2625 753 2662 de
783 2625 984 2663 dulmzesimo
1015 2639 1095 2663 cum
1124 2626 1234 2663 Delia
1265 2628 1447 2671 consortio,
1476 2632 1549 2662 tum
1576 2638 1741 2674 perqere:

1058 2726 1127 2763 Illa
1159 2727 1224 2763 deo
1252 2729 1338 2763 sciet
1366 2728 1550 2775 aqrz'colae
1574 2740 1643 2774 pro
1672 2727 1800 2763 vitibus
1830 2741 1950 2769 naam,

1125 2793 1203 2831 Pro
1232 2800 1347 2842 seqete
1376 2796 1507 2843 spicas,
1531 2806 1602 2842 pro
1632 2807 1739 2843 qreqe
1767 2797 1866 2837 serre
1895 2796 2037 2844 dapem.

1058 2861 1129 2898 Illa
1159 2868 1262 2909 reyat
1291 2869 1445 2906 cunctos,
1478 2863 1531 2898 illi
1556 2863 1625 2898 siut
1653 2865 1771 2899 omnia
1803 2875 1930 2899 curae.-

1125 2928 1175 2965 At
1203 2930 1293 2966 iuvet
1321 2931 1357 2966 in
1386 2934 1458 2966 tota
1487 2942 1543 2966 me
1571 2929 1657 2966 nihil
1685 2942 1758 2967 esse
1787 2930 1903 2967 domo.

575 3029 635 3066 An
664 3036 798 3079 putare
826 3043 1055 3080 quemquam,
1097 3043 1190 3079 quae
1232 3033 1390 3080 coniuqie
1419 3033 1494 3069 loco
1523 3032 1727 3078 haberetur,
1762 3031 1892 3070 Tibulli
1918 3036 2075 3071 amicam
2105 3034 2285 3070 sollemnia
2315 3043 2461 3068 munera
2496 3034 2691 3070 oblaturam

366 3098 485 3145 fuisse
515 3098 704 3134 mentulato
735 3098 818 3143 deo,
860 3111 962 3146 quem
992 3100 1106 3136 uisere
1134 3111 1202 3135 non
1231 3100 1379 3136 solerent
1419 3102 1488 3137 nisi
1506 3095 1966 3149 fier-tim}impud2'ci.ssimae
1994 3112 2153 3150 quaeque
2174 3099 2319 3148 puellae
2347 3111 2504 3147 anusque
2531 3101 2691 3138 salaces?

374 3164 539 3213 Denique
567 3167 707 3202 omnino
736 3179 760 3202 a
766 3167 838 3213 qri
843 3167 980 3203 colam
1012 3167 1138 3204 deum
1162 3168 1313 3215 proprie
1340 3167 1595 3216 appellandum
1624 3180 1693 3204 non
1722 3170 1834 3208 messe
1861 3169 2041 3206 hortorum
2065 3169 2288 3217 potissimum
2324 3166 2518 3213 custodem,
2559 3180 2583 3204 a
2623 3181 2691 3217 quo

374 3233 517 3272 colendi
543 3246 654 3282 αρτ-οε
683 3239 809 3283 partes
832 3236 969 3273 alienae
993 3241 1114 3273 essent.
1162 3235 1264 3273 Nam
1287 3236 1386 3284 quod
1407 3235 1511 3285 apud
1527 3235 1697 3274 Ouidium
1725 3235 1832 3274 Tn'st.
1862 3238 1893 3284 I,
1924 3239 2001 3284 10,
2031 3237 2091 3274 26
2113 3236 2300 3286 leqeretur:
2328 3234 2388 3273 Et
2415 3240 2452 3273 te
2480 3237 2689 3285 ruricola,

372 3301 641 3350 Lampsace,
682 3307 775 3340 tuta
812 3303 906 3349 deo,
949 3303 1075 3341 addito
1099 3305 1244 3352 patriae
1272 3305 1410 3341 nomine
1445 3304 1490 3340 ab
1520 3305 1616 3340 omni
1648 3316 1768 3341 errore
1805 3312 1948 3343 cautum
1984 3318 2068 3343 esee.
2127 3304 2285 3341 Honoris
2319 3310 2439 3341 autem
2468 3304 2607 3355 Priapo
2641 3308 2695 3345 ad

371 3368 636 3417 impetrandum
667 3370 741 3407 eius
764 3370 990 3420 praesidi-um
1020 3373 1107 3408 satis
1132 3372 1247 3418 ficisse
1276 3377 1431 3408 statuam
1461 3374 1577 3421 ipsam
1606 3373 1641 3408 in
1670 3372 1778 3409 hortis
1807 3374 2032 3422 eriyendam,
2074 3373 2135 3410 cui
2162 3383 2324 3417 coronae,
2354 3384 2456 3416 uuas,
2482 3384 2594 3421 poma
2623 3388 2691 3412 non

371 3436 541 3484 defutura
562 3437 681 3484 ficisse
704 3439 820 3483 facile
851 3440 1102 3476 conia-eretur&
1162 3435 1227 3477 De
1257 3434 1482 3477 Ribbeckii
1512 3434 1683 3489 quidem
1708 3436 1917 3479 sententia
1940 3436 2157 3483 hactenus.
2207 3434 2301 3485 Qua
2330 3448 2414 3477 non
2444 3436 2692 3480 labefactari

3007 1963 3010 1970 ·
3003 1542 3032 1950 ,ΑΛῆίᾳῦἑ-’ὲᾴὶνᾼιμωμ
3024 1524 3026 1526 «
3016 1497 3021 1505 .
2998 1455 3027 1461 J
2997 1425 3001 1429 ⁴
