3043 3838
703 193 722 221 a
1403 186 1456 226 17

959 323 1023 364 11.
1085 326 1156 363 Illa
1183 337 1312 364 caerae
1334 326 1442 376 puer-i
1466 329 1577 362 sortes
1600 329 1652 361 ter
1679 323 1829 369 suadit,
1857 323 1910 361 illi

1138 393 1286 432 Rettulit
1313 405 1333 431 e
1360 394 1474 431 mnia
1501 392 1622 430 omina
1653 397 1749 429 certa
1774 402 1877 441 puer.

481 504 713 558 Sortilegos
741 503 873 545 fuisse
902 504 1063 544 Romae
1104 503 1214 544 inter
1241 502 1349 544 alios
1378 501 1577 553 hariolos,
1618 500 1671 541 de
1707 499 1831 542 sorde
1873 500 1988 541 urbis
2029 505 2071 541 et
2106 499 2226 542 faece
2260 499 2469 554 homines,
2513 501 2586 554 qui

277 572 515 616 institorum
556 573 639 616 ritu
669 571 974 614 diuinationem
1004 584 1125 613 suam
1160 570 1331 613 credulo
1370 569 1540 626 popello
1580 568 1848 611 uenditarent
1883 572 1925 609 et
1958 567 2003 609 in
2033 566 2147 610 Circi
2183 567 2367 612 maxime
2401 568 2586 624 regione,

279 646 324 683 ut
353 641 471 696 uulgi
499 640 738 695 frequentia
762 640 973 682 celebrato
997 640 1103 693 loco,
1129 639 1331 682 stationes
1354 643 1396 680 et
1420 637 1704 680 conciliabula
1725 636 1942 689 haberent,
1973 635 2029 678 ad
2052 635 2198 679 Horat.
2224 650 2346 680 serm.
2372 637 2405 691 I,
2437 638 2476 692 6,
2505 639 2586 682 113

277 710 499 751 annotauit
524 708 664 751 Schol.
679 708 853 761 Cruqu.:
895 712 1040 750 Cib-cum
1059 712 1237 760 fallacem
1262 711 1353 749 dicit
1374 704 1586 761 (Hor-atim)
1604 715 1753 760 propter
1775 707 2025 746 Samot-dacos
2049 714 2082 747 et
2107 709 2290 758 sortileqos
2311 709 2590 757 mathematicos,

278 783 342 830 qui
369 781 423 819 ad
449 787 561 819 metas
588 785 813 830 spectatom.
832 772 1109 818 circumtabar‘zt
1142 784 1174 817 et
1201 780 1380 829 imper-1208
1412 777 1564 815 soru'bus
1597 783 1629 814 et
1662 778 1766 827 nuqis
1790 775 1978 825 fallebant.
2036 776 2183 814 Αἰεὶονίε
2217 776 2400 825 diqnaatis
2433 777 2590 814 homines

278 848 483 886 erubescunt
508 860 590 885 sero
618 849 654 884 in
681 847 736 885 his
763 847 864 896 ualqi
890 848 1033 885 circulis
1062 835 1255 885 consistere.
1312 841 1434 884 Adde
1463 842 1609 884 quen.
1640 842 1679 894 6,
1710 840 1794 883 582
1825 853 1915 893 sqq.

879 960 924 998 Si
950 960 1136 998 mediocris
1165 961 1231 997 erit
1259 954 1419 1009 (mulier)
1447 960 1603 1008 spatium
1631 958 1792 996 lustrabit
1819 959 1996 1005 utrimque

879 1028 1065 1066 Maurum
1095 1034 1126 1066 et
1152 1033 1264 1065 sortes
1293 1026 1396 1065 ducet
1415 1027 1642 1075 frontemque
1670 1037 1884 1074 manumque

878 1096 1069 1134 Praebebit
1096 1098 1176 1133 uati
1202 1095 1364 1134 crebrum
1386 1107 1593 1145 poppysma
1623 1096 1771 1144 roganti.

480 1206 548 1249 Ad
577 1206 655 1249 hos
683 1206 1027 1262 praestigiatores
1057 1206 1137 1248 hoc
1167 1205 1260 1248 loco
1296 1205 1352 1247 ab
1381 1204 1680 1260 interpretibus
1715 1209 1891 1260 excepto
1922 1217 2024 1259 un0‚
2063 1203 2176 1258 quod
2206 1203 2350 1259 seiam,
2394 1204 2586 1248 Brouk-

276 1275 420 1319 husio
451 1276 699 1330 relegamur.
758 1276 813 1317 Et
848 1274 961 1330 quod
1002 1274 1189 1317 omnium
1228 1274 1429 1317 librorum
1470 1287 1569 1316 mss.
1601 1272 1850 1316 auctoritate
1890 1271 2091 1315 traditum
2133 1279 2197 1315 est
2231 1272 2275 1315 in
2305 1277 2586 1329 pentametro:

275 1348 403 1386 rettulit
430 1360 448 1385 e
475 1349 602 1394 muas,
632 1343 894 1398 Scaligero
925 1342 1030 1385 duce
1060 1343 1321 1397 coniungunt
1349 1356 1445 1384 cum
1468 1359 1582 1395 puero
1616 1347 1659 1383 et
1687 1341 1917 1383 defendunt
1946 1341 2101 1383 collato
2132 1340 2346 1384 Ciceronis
2375 1341 2486 1396 loco,
2529 1342 2589 1385 de

276 1411 372 1452 diu.
404 1412 437 1465 I,
468 1412 537 1464 58,
572 1413 653 1453 132
681 1428 751 1452 non
779 1416 888 1452 haheo
916 1417 1027 1452 nauci
1052 1415 1098 1452 de
1131 1414 1235 1452 Circo
1262 1415 1471 1463 astroloyos,
1500 1410 1584 1453 nisi
1614 1409 1727 1464 quod
1755 1409 1893 1465 pauci,
1925 1423 1948 1452 e
1979 1423 2061 1464 quo
2093 1423 2266 1453 numero
2297 1409 2587 1454 Dissenium

276 1478 459 1533 nomino,
490 1477 713 1522 iteratione
741 1477 1001 1535 pronominis
1031 1482 1092 1520 illa
1114 1502 1167 1507 —-
1186 1482 1238 1519 illi
1264 1477 1455 1520 diuersas
1485 1477 1580 1520 uias
1608 1477 1752 1520 futura
1780 1476 2024 1533 explicandi
2066 1475 2299 1532 significari
2329 1478 2591 1520 contendunt

276 1546 456 1600 ideoque
478 1546 540 1589 ita
562 1546 908 1602 interpretantur:
940 1550 982 1589 et
1005 1559 1181 1601 puerum
1204 1546 1390 1600 aliquem
1414 1545 1660 1600 sortilegum
1685 1546 1952 1587 consuluerat
1976 1545 2033 1591 (u.
2064 1545 2135 1599 11)
2159 1551 2201 1588 et
2224 1559 2400 1601 puerum
2424 1545 2591 1600 (alium,

278 1628 406 1655 unum
436 1628 460 1656 e
491 1613 625 1656 seruis
655 1613 761 1667 suis)
792 1614 965 1657 miserat
994 1613 1038 1656 in
1068 1613 1196 1656 triuia
1224 1612 1280 1655 ad
1311 1613 1453 1655 omina
1477 1613 1697 1669 capienda,
1728 1613 1848 1668 isque
1873 1613 2072 1656 retulerat
2107 1619 2235 1656 certa.
2297 1613 2421 1665 Quod
2445 1620 2595 1656 contra

277 1681 499 1724 iteratione
528 1686 570 1724 et
598 1682 858 1738 pronominis
888 1687 929 1724 et
952 1687 1063 1735 pueri
1100 1680 1206 1722 nihil
1246 1680 1402 1723 clarius
1443 1680 1607 1723 ostendi
1649 1680 1953 1733 contenderim,
1997 1694 2125 1734 quam
2168 1694 2297 1722 unum
2340 1686 2381 1723 et
2411 1682 2589 1724 eundem

277 1763 370 1792 esse
399 1763 587 1806 puerum,
620 1763 747 1792 unam
778 1749 1132 1792 uaticinationem.
1193 1749 1340 1804 Neque
1375 1754 1517 1791 tamen
1553 1752 1598 1790 de
1632 1752 1735 1791 Circo
1758 1766 1913 1802 puerum
1948 1748 2018 1790 hic
2054 1762 2252 1803 agnosco.
2314 1748 2459 1791 Fuerit
2488 1763 2594 1792 sane

278 1817 421 1860 uarius
451 1822 493 1860 et
521 1817 744 1872 multiplex
773 1818 940 1859 illorum
969 1817 1239 1859 fatidicorum
1270 1816 1532 1859 Circensium
1561 1830 1682 1871 grex:
1715 1830 1868 1871 pueros
1898 1817 1942 1858 in
1972 1830 2025 1858 ea
2048 1816 2320 1859 multitudine
2349 1816 2482 1860 fuisse
2513 1831 2593 1860 nec

279 1898 458 1939 usquam
488 1891 838 1927 commemoratur
878 1898 956 1927 nec
994 1898 1069 1939 per
1104 1898 1148 1927 se
1183 1884 1374 1927 ueritatis
1417 1884 1601 1938 speciem
1636 1884 1781 1938 habet,
1827 1885 1929 1939 quia
1963 1885 2026 1926 illi
2065 1898 2148 1927 non
2186 1885 2322 1927 solum
2359 1885 2597 1929 offerebant

280 1958 414 1996 sortes
444 1953 672 2008 ducendas,
703 1953 778 1997 sed
808 1953 957 1996 ductas
987 1952 1115 1996 etiam
1145 1952 1538 2008 interpretabantur.
1586 1953 1642 1994 At
1672 1966 1773 1995 casu
1802 1952 1963 1995 factum
1993 1966 2086 1995 esse
2114 1948 2263 2007 potest,
2296 1958 2342 1995 ut
2371 1953 2425 1996 de
2449 1955 2591 2009 pueris

278 2021 385 2063 nihil
413 2022 640 2065 memoriae
669 2021 880 2076 proditum
904 2021 971 2076 sit,
1003 2026 1045 2064 et
1074 2020 1187 2076 quod
1215 2020 1520 2076 interpretandi
1548 2021 1719 2075 negotio
1748 2021 1934 2076 impares
1963 2020 2095 2064 fuisse
2120 2020 2328 2075 uidentur,
2360 2035 2470 2076 quae
2494 2028 2591 2065 sunt

278 2090 662 2143 superstitiosorum
692 2089 908 2132 hominum
937 2089 1183 2145 prauitates,
1213 2088 1392 2132 fortasse
1422 2089 1466 2131 in
1496 2089 1591 2143 ipsa
1620 2089 1792 2131 inscitia
1822 2095 1864 2131 et
1894 2089 2130 2131 temeritate
2159 2089 2369 2143 pueritiae
2399 2089 2590 2133 diuinum

279 2156 490 2211 quendam
519 2156 765 2200 instinctum
794 2170 887 2200 esse
918 2156 1157 2200 credebant.
1217 2157 1338 2199 Esto:
1369 2157 1526 2198 fuerint
1554 2157 1675 2212 pueri
1705 2157 1906 2212 sortilegi.
1967 2157 2110 2207 Quid?
2139 2158 2292 2199 mulier
2321 2171 2405 2200 non
2430 2159 2591 2200 inculta

279 2230 333 2280 et,
366 2225 402 2268 si
431 2238 516 2268 non
545 2225 735 2280 honesta,
767 2229 811 2267 at
841 2229 952 2268 certe
981 2224 1246 2268 honestatem
1275 2225 1464 2279 aliquam
1488 2224 1706 2280 simulans,
1738 2225 1876 2280 qualis
1901 2224 2031 2268 fuisse
2057 2225 2182 2268 Delia
2212 2225 2390 2280 uidetur,
2422 2239 2520 2268 num
2545 2227 2588 2268 in

279 2294 533 2349 grauissima
562 2308 607 2336 re
636 2293 693 2336 ad
721 2293 900 2336 humiles
934 2293 1031 2336 illas
1066 2294 1321 2348 praestigias
1355 2293 1628 2336 descendisse
1664 2293 1804 2349 putari
1841 2298 1997 2349 potest,
2041 2307 2147 2347 quas
2190 2294 2383 2337 omnibus
2418 2295 2587 2348 elegan-

279 2361 398 2403 tioris
428 2366 470 2403 et
498 2362 705 2416 politioris
735 2362 849 2404 uitae
878 2361 1117 2403 hominibus
1147 2361 1192 2402 in
1222 2375 1385 2403 summo
1416 2365 1659 2416 contemptu
1688 2361 1819 2403 fuisse
1850 2375 1979 2414 quum
2009 2361 2062 2404 iis
2093 2361 2211 2416 locis,
2244 2374 2348 2415 quos
2378 2362 2462 2404 iam
2491 2375 2585 2417 pro-

281 2430 377 2485 tuli,
415 2429 685 2473 confirmatur
714 2434 802 2473 tum
832 2429 918 2473 Cic.
945 2428 997 2473 de
1026 2427 1112 2472 din.
1144 2428 1198 2482 II,
1224 2429 1292 2484 41,
1324 2429 1379 2472 86
1419 2432 1486 2471 sed
1523 2433 1589 2471 hoc
1628 2432 1772 2483 quidem
1794 2445 1906 2483 qenas
1935 2433 2163 2471 diumationss
2189 2435 2266 2471 uita
2293 2435 2366 2470 iam
2396 2436 2588 2471 communis

280 2504 438 2553 ezplosit.
496 2499 558 2541 Ac
589 2498 626 2541 si
660 2497 964 2552 descendisset,
1006 2510 1107 2540 num
1148 2501 1275 2552 poeta
1315 2496 1439 2539 huius
1481 2496 1540 2539 rei
1572 2511 1680 2540 cum
1721 2498 2065 2552 comprobatione
2108 2499 2290 2552 quadam
2331 2498 2586 2540 mentionem

278 2565 477 2608 fecisset?
507 2566 599 2620 Age
629 2579 743 2618 uero,
775 2570 821 2608 ut
850 2565 905 2608 ad
934 2565 991 2618 id,
1024 2564 1138 2619 quod
1166 2569 1293 2620 caput
1323 2570 1399 2618 est,
1430 2565 1670 2642 ueniamus,
1713 2579 1853 2608 nonne
1882 2566 1927 2608 in
1956 2566 2205 2620 repetitione
2229 2572 2338 2619 pueri
2363 2570 2405 2606 et
2435 2565 2479 2606 in
2511 2566 2587 2607 illa

279 2633 503 2676 uerborum
532 2633 853 2687 compositione:
895 2650 1026 2674 sacras
1048 2638 1158 2687 pueri
1181 2643 1292 2675 sortes
1321 2645 1373 2675 ea
1402 2632 1469 2676 uis
1497 2633 1638 2688 posita
1667 2646 1761 2676 esse
1791 2633 1974 2687 uidetur,
2018 2639 2064 2675 ut
2094 2639 2231 2675 certus
2260 2646 2381 2688 puer,
2425 2639 2587 2676 certum

278 2713 412 2754 genus
453 2700 684 2744 sortitionis
713 2714 741 2743 a
769 2712 899 2755 puero
934 2699 1074 2743 factae
1110 2699 1397 2755 significetur?
1455 2700 1560 2752 Quis
1601 2701 1773 2743 tandem
1815 2700 1886 2742 ille
1927 2700 2059 2755 puer?
2116 2700 2475 2743 Praenestinus
2514 2702 2588 2744 ille

279 2768 574 2812 celeberrimus
604 2768 647 2812 in
677 2767 783 2812 aede
812 2768 1023 2811 Fortunae
1052 2768 1336 2824 Primigeniae
1366 2782 1472 2824 puer
1499 2769 1737 2825 sortilegus,
1768 2769 1820 2811 de
1851 2782 1933 2823 quo
1964 2748 2319 2823 locupletissimus
2350 2769 2472 2811 testis
2497 2770 2587 2813 Cic.

278 2835 332 2879 de
362 2836 447 2879 diu.
479 2838 534 2892 II,
564 2838 633 2892 41
666 2837 721 2879 85
750 2850 811 2891 sq.
871 2840 1085 2878 Numerium
1113 2840 1315 2890 Suffucmm
1343 2841 1658 2879 Praene-semorum
1700 2848 1921 2878 monumenta
1957 2840 2379 2884 deewrant,hones1um
2414 2842 2590 2881 hominem

278 2915 309 2946 et
336 2910 494 2957 nobilem,
534 2912 678 2947 somniis
708 2910 851 2956 crebris,
892 2909 946 2946 ad
979 2915 1172 2946 extremum
1207 2910 1314 2947 etiam
1349 2910 1557 2956 minacibus,
1597 2923 1705 2958 quum
1745 2909 1920 2947 iuberetur
1961 2914 2054 2945 certo
2088 2909 2124 2945 in
2153 2908 2229 2947 loco
2263 2910 2399 2951 silicem
2429 2911 2590 2958 caedere,

276 2980 500 3026 penem-itum
529 2980 615 3015 αι’«ςιζς
643 2978 868 3015 irridentibus
895 2979 969 3014 suis
999 2977 1134 3014 ciuibus
1163 2977 1204 3014 id
1230 2990 1339 3026 aqere
1367 2980 1538 3027 coepisse:
1576 2981 1694 3027 itaque
1716 2978 1901 3027 perfracto
1936 2990 2027 3014 samo
2067 2983 2178 3015 sortes
2213 2980 2373 3027 erupisse
2400 2980 2436 3016 ἑη
2466 2979 2591 3018 robore

277 3045 471 3094 insculptas
493 3048 704 3095 priscarum
732 3047 932 3082 letter-aram
960 3046 1059 3081 notis.
1117 3044 1157 3080 Is
1185 3051 1234 3081 eet
1261 3046 1366 3082 hodie
1393 3047 1490 3082 locus
1528 3050 1671 3094 saeptus
1709 3045 1867 3092 religiose
1902 3050 2051 3093 propter
2080 3044 2177 3083 Iouis
2201 3047 2325 3094 pueri,
2365 3047 2430 3094 qui
2454 3047 2589 3084 lactem

279 3124 359 3149 eum
387 3112 521 3150 Iunone
547 3113 735 3150 Fortunae
761 3114 797 3149 in
824 3113 957 3161 qremio
984 3112 1120 3158 sedens,
1149 3124 1344 3150 mammam
1373 3119 1555 3163 appetens,
1589 3114 1781 3150 castissime
1817 3113 1941 3150 colitur
1970 3125 1995 3149 a
2024 3111 2206 3150 matribus.
2263 3112 2474 3162 Eodemque
2501 3119 2586 3151 tem-

273 3192 364 3229 pore
390 3183 427 3218 in
456 3193 496 3218 eo
525 3182 611 3227 loco,
640 3181 702 3219 ubi
726 3180 912 3219 Fortunae
938 3192 1031 3218 nunc
1060 3186 1110 3218 est
1138 3180 1256 3228 aedes,
1285 3182 1354 3218 mel
1380 3194 1424 3218 ez·
1451 3181 1528 3218 olea
1553 3180 1704 3228 fluxisse
1732 3179 1852 3218 dicunt
1885 3179 2161 3230 haruspicesque
2196 3180 2328 3218 diram
2354 3192 2497 3218 summa
2525 3194 2586 3218 ηο-

278 3249 407 3285 bilitate
434 3249 514 3285 illas
541 3255 652 3285 sortes
671 3248 823 3296 futuras
851 3258 1039 3295 eorumque
1067 3248 1164 3285 iussu
1194 3260 1238 3284 ez·
1265 3247 1327 3285 illa
1355 3248 1431 3286 olea
1458 3259 1585 3285 arcam
1613 3258 1685 3285 esse
1707 3248 1851 3293 factam
1881 3259 1989 3296 eoque
2018 3249 2181 3286 conditas
2208 3254 2336 3295 sortes,
2365 3260 2457 3298 quae
2483 3250 2588 3286 hodie

279 3315 462 3352 Fortunae
502 3318 634 3352 monitu
662 3317 837 3352 tolluntur.
901 3315 999 3359 Quid
1025 3317 1131 3362 ἐρίων
1158 3317 1194 3351 in
1221 3316 1277 3352 his
1298 3322 1414 3364 potest
1452 3328 1526 3353 esse
1554 3316 1657 3360 cer-ti,
1710 3328 1803 3363 quae
1831 3314 2018 3353 Fortunae
2058 3317 2189 3353 monitu
2217 3317 2327 3365 pueri
2365 3328 2474 3353 manu
2503 3318 2586 3354 mis-

279 3391 401 3420 centur
428 3390 533 3430 atque
562 3384 762 3421 ducuntur?
792 3404 845 3410 ——
877 3383 977 3421 Fani
997 3380 1224 3432 pulchritudo
1253 3387 1285 3421 et
1314 3387 1468 3422 uetustas
1496 3381 1814 3421 Praenestinarum
1856 3383 1961 3421 etiam
1998 3394 2090 3421 nunc
2133 3383 2253 3421 retinet
2288 3383 2433 3421 sora'um
2463 3395 2586 3421 nomen

2087 3456 2109 3491 3
