3043 3838
1474 235 1525 275 16

1459 445 1537 494 Ill.

1464 557 1478 588 x

949 620 985 661 7.
1046 622 1131 661 Non
1159 636 1272 670 soror,
1315 623 1484 672 Assyrios
1515 625 1626 663 cineri
1652 635 1743 673 quae
1772 622 1883 661 dedat
1911 623 2048 661 odores.

545 720 631 763 Cur
660 726 748 763 dedi
774 720 924 763 odores
961 720 1121 762 dictum
1153 721 1245 762 est‘?
1287 721 1378 763 Nec
1408 721 1611 763 usitatum
1641 721 1684 763 in
1715 720 1796 762 hac
1826 733 1870 762 re
1900 718 2156 762 uocabulum
2186 734 2265 763 nee
2295 734 2368 764 cur
2397 719 2534 774 magis
2564 720 2653 774 pla-

338 787 472 830 cuerit
502 794 655 843 poetae
685 802 813 842 quam
843 792 1007 838 reddere,
1036 787 1150 842 quod
1180 787 1350 843 proprie
1374 802 1519 831 eorum
1545 793 1621 843 est,
1651 787 1724 842 qui
1748 786 1892 830 debita
1916 786 2099 842 soluunt,
2133 786 2263 832 facile
2286 787 2653 831 demonstraueris.

336 856 487 909 Itaque
517 855 690 910 factum,
722 861 768 898 ut
798 855 929 898 uariis
959 854 1327 899 emendationibus
1358 856 1475 899 loeus
1501 860 1732 899 tentaretur
1760 855 1857 898 aliis
1886 859 2031 906 reddat,
2060 855 2158 898 aliis
2183 861 2325 907 condat,
2354 856 2450 899 aliis
2474 854 2656 909 denique

330 929 472 976 fundat
515 923 833 966 conicientibus.
895 922 998 977 (Cfr.
1030 923 1282 967 Huschkii
1325 924 1381 967 ad
1411 924 1450 967 h.
1483 925 1509 967 l.
1541 921 1890 976 annotationem.)
1944 922 2242 967 Verumtamen
2272 929 2434 967 mutare
2463 937 2541 978 ego
2571 937 2656 965 non

336 991 487 1034 ausim.
547 991 657 1033 Nam
699 990 879 1033 fortasse
921 1003 1016 1033 eam
1058 991 1178 1034 uerbi
1219 992 1308 1034 uim
1349 992 1511 1047 percipi
1541 992 1676 1034 uoluit
1717 996 1861 1046 poeta,
1914 995 1960 1032 ut
2001 990 2177 1045 largiter
2217 996 2344 1046 atque
2385 990 2559 1047 prodige
2601 990 2654 1032 ob

336 1060 537 1113 pietatem
579 1059 878 1103 sororssodores
908 1059 1104 1113 quamuis
1135 1060 1343 1114 pretiosos
1372 1060 1538 1115 pulueri
1576 1066 1618 1103 et
1660 1059 1833 1102 umbrae
1863 1057 2077 1102 effundere
2114 1058 2332 1103 uideretur
2374 1058 2653 1115 (preisgeben,

337 1127 560 1181 hingeben,
598 1127 779 1181 opsern).
840 1128 933 1170 Iam
975 1141 1075 1171 uero
1117 1128 1223 1171 illud
1263 1128 1449 1172 dubitari
1491 1142 1575 1171 non
1617 1133 1767 1183 potest,
1821 1126 1934 1182 quod
1975 1140 2109 1182 genus
2138 1128 2420 1183 parentalium
2451 1127 2654 1170 donorum

336 1194 608 1250 significetur.
668 1196 838 1239 Etenim
869 1209 998 1250 quum
1029 1201 1093 1239 ter
1133 1197 1304 1239 omnino
1347 1197 1531 1251 liquores
1573 1196 1772 1239 odoratos
1814 1202 1856 1238 et
1896 1200 2112 1250 unguenta
2143 1194 2324 1251 Syriaca
2353 1195 2655 1251 consanguinei

338 1277 540 1319 spargere
570 1264 685 1307 soliti
711 1264 796 1307 sint
825 1270 1083 1307 mortuorum
1114 1265 1158 1306 in
1188 1264 1402 1320 honorem,
1445 1265 1627 1322 primum
1657 1265 1701 1307 in
1731 1278 1879 1320 rogum
1909 1267 2179 1319 exstructum,
2210 1264 2456 1321 priusquam
2486 1278 2656 1321 corpore

336 1334 535 1389 imposito
566 1334 903 1386 succenderetur,
937 1339 981 1375 ut
1012 1334 1192 1388 legimus
1222 1333 1336 1389 apud
1368 1299 1473 1376 Stat.
1506 1334 1600 1377 silu.
1632 1335 1687 1388 ΙΙ,
1723 1337 1758 1388 1,
1792 1334 1871 1377 157
1897 1347 1992 1387 sqq.

1123 1451 1223 1495 Quid
1250 1463 1313 1499 eqo
1343 1454 1530 1500 exsequias
1559 1458 1591 1488 et
1613 1452 1775 1501 prodiqa
1801 1452 1956 1495 flammis

951 1518 1063 1555 Dona
1093 1519 1243 1567 loquar?
1272 1539 1327 1544 —

961 1585 1070 1630 Quod
1103 1585 1251 1624 Cilicum
1270 1587 1395 1634 flores,
1424 1586 1523 1635 quod
1550 1600 1698 1624 munera
1727 1588 1902 1635 yramim's
1930 1587 2026 1633 Indi,

961 1654 1134 1701 Quodque
1162 1654 1303 1691 Arabes
1332 1655 1530 1703 Phariique
1558 1655 1824 1703 Palaestinique
1851 1656 2004 1702 liquores

953 1721 1135 1759 Arsurum
1164 1723 1286 1759 lauere
1315 1726 1481 1760 comam?

336 1819 489 1862 deinde
521 1825 706 1861 cremato
738 1831 913 1874 corpore
944 1824 984 1860 et
1015 1819 1205 1861 collectis
1236 1819 1402 1861 ossibus
1435 1833 1518 1861 una
1560 1833 1655 1861 eum
1698 1819 1837 1862 cinere
1868 1820 1909 1861 in
1948 1833 2114 1873 urnam,
2162 1824 2206 1861 ut
2236 1825 2413 1875 apparet
2444 1834 2497 1862 ex
2531 1820 2654 1863 Ouid.

336 1888 461 1930 Trist.
494 1888 570 1941 ΙΙΙ,
601 1889 641 1938 3,
674 1888 728 1930 69
758 1901 818 1940 sq.

952 1982 1068 2030 Atque
1097 1995 1138 2019 ea
1170 1979 1286 2029 (ossa)
1319 1995 1398 2019 cum
1420 1982 1523 2031 soliis
1551 1987 1582 2020 et
1610 1984 1744 2020 amomi
1765 1984 1912 2033 puluere
1941 1984 2047 2020 misce

1022 2050 1133 2098 Inque
1159 2050 1362 2088 suburbano
1392 2051 1535 2088 condita
1560 2062 1654 2100 pone
1682 2053 1766 2097 solo,

335 2149 517 2202 (lenique
549 2149 718 2190 condita
750 2161 856 2189 urna
885 2148 929 2188 in
960 2148 1145 2189 turibula
1175 2153 1216 2189 et
1241 2147 1503 2202 myrothecia
1533 2161 1584 2189 eo
1609 2149 1703 2202 ipso
1729 2149 1905 2190 consilio
1930 2149 2118 2191 interiori
2147 2149 2190 2190 in
2217 2149 2411 2203 sepulcro
2437 2148 2655 2203 disposita,

336 2223 381 2259 ut
412 2217 484 2270 qui
515 2216 738 2259 uisitarent
767 2220 1103 2269 monumentum,
1142 2214 1383 2258 suffimenta
1413 2229 1462 2258 eo
1493 2215 1662 2267 darent,
1695 2216 1814 2259 cuius
1844 2216 1904 2259 rei
1934 2222 1975 2259 et
2004 2222 2223 2272 poetarum
2255 2217 2349 2271 loci,
2381 2222 2427 2258 ut
2457 2216 2549 2258 Tib.
2582 2216 2657 2271 III,

334 2289 373 2340 2,
406 2288 460 2327 23
486 2300 576 2340 sqq.

829 2379 907 2416 Illic
937 2374 989 2427 (in
1020 2391 1221 2416 marmoreo
1250 2380 1431 2427 sepulcro)
1460 2374 1554 2427 quas'
1580 2383 1680 2418 mittit
1710 2383 1809 2419 diues
1837 2382 2029 2419 Panchaia
2059 2395 2193 2419 merces

896 2447 1038 2496 Eoique
1067 2445 1209 2485 Arabes
1232 2449 1380 2497 pinquis
1409 2453 1441 2486 et
1470 2447 1635 2498 Assyria,

830 2516 885 2555 Et
913 2517 1026 2554 nostri
1053 2528 1223 2554 memores
1253 2516 1424 2554 lacrimae
1446 2516 1657 2564 fundantur
1686 2517 1827 2555 eodem.-

899 2583 963 2623 Sic
993 2597 1056 2632 eqo
1086 2585 1251 2633 componi
1278 2596 1401 2621 uersus
1431 2585 1467 2621 in
1497 2596 1579 2622 ossa
1609 2586 1725 2631 uelim,

546 2683 668 2738 Prop.
702 2682 772 2734 IV,
809 2683 873 2735 15,
906 2681 961 2723 23
992 2695 1052 2734 sq.

891 2787 1025 2838 Afferet
1053 2788 1143 2825 haec
1173 2784 1362 2837 (Cynthia)
1392 2794 1570 2838 unquenta
1600 2788 1687 2826 mihi
1713 2790 1880 2839 sertisque
1907 2791 2107 2840 sepulcrum

965 2856 1116 2894 ornabit
1146 2863 1262 2893 custos
1291 2857 1346 2893 ad
1372 2869 1451 2894 mea
1481 2857 1583 2893 busta
1612 2857 1739 2893 sedens

338 2962 379 3000 et
409 2956 504 3011 ipsa
535 2956 609 2999 illa
640 2970 746 2999 uasa
776 2954 1060 3010 unguentaria
1090 2954 1330 2998 testimonio
1361 2959 1476 3008 sunt}
1514 2951 1624 3009 quae
1660 2955 1792 2999 multa
1830 2956 1873 2999 in
1910 2956 2123 3000 ueteribus
2153 2955 2359 3013 sepulcris
2390 2961 2556 3012 reperta
2585 2969 2654 3000 ex-

338 3029 453 3067 stant
496 3024 588 3076 (cfr.
621 3024 785 3078 Marqu.
817 3023 978 3076 antiqu.
1010 3024 1188 3067 Roman.
1220 3022 1269 3077 V,
1304 3025 1340 3077 1,
1372 3036 1412 3078 p.
1444 3023 1546 3076 369)
1578 3048 1632 3053 —
1664 3023 1730 3066 his
1760 3024 1894 3067 tribus
1924 3024 2121 3068 suffiendi
2163 3023 2389 3080 generibus
2420 3024 2657 3067 constitutis

337 3090 393 3134 ad
424 3091 594 3135 tertium
630 3105 775 3135 eorum
816 3091 929 3134 huno
966 3091 1105 3134 locum
1146 3090 1356 3146 pertinere
1398 3091 1540 3145 liquet.
1602 3090 1812 3142 Quoniam
1854 3091 1966 3134 enim
2009 3092 2134 3135 matri
2177 3091 2322 3148 priora
2363 3091 2657 3146 exsequiarum

337 3159 480 3202 officia
509 3159 713 3202 attributa
743 3164 852 3214 sunt,
896 3158 1086 3213 ossilegii
1116 3158 1212 3201 dico
1244 3158 1301 3212 (u.
1333 3159 1373 3201 5.
1405 3158 1464 3212 o'),
1507 3159 1643 3201 altera
1672 3172 1806 3213 eaque
1836 3159 1880 3202 in
1910 3160 2080 3215 longius
2112 3165 2277 3216 tempus
2308 3158 2529 3214 explenda,
2566 3160 2656 3213 qui-

337 3228 416 3271 bus
446 3240 530 3270 non
560 3228 701 3270 minus
731 3240 859 3282 quam
889 3227 975 3269 illis
1005 3226 1217 3281 obligatos
1245 3240 1291 3268 se
1320 3227 1528 3283 putabant
1558 3232 1734 3281 ueteres,
1776 3233 1888 3270 reete
1918 3227 2172 3285 procedente
2203 3241 2248 3268 re
2283 3226 2415 3268 sorori
2453 3226 2655 3269 mandan-

337 3300 418 3349 tur,
449 3300 496 3337 ut
526 3307 858 3350 nonnumquam,
901 3294 1086 3337 maxime
1116 3293 1234 3336 feriis
1265 3293 1530 3337 denicalibus
1567 3298 1608 3337 et
1638 3294 1787 3338 diebus
1817 3296 2131 3350 parentalibus,
2178 3295 2235 3338 ad
2265 3294 2504 3349 sepulcrum
2534 3295 2657 3338 donis

338 3367 379 3407 et
410 3361 598 3406 lacrimis
628 3361 775 3406 amissi
804 3361 948 3406 fratris
977 3360 1225 3405 memoriam
1256 3361 1426 3405 recolat.
1488 3361 1610 3413 Quod
1648 3362 1684 3404 si
1721 3367 1833 3407 recte
1863 3364 2054 3420 exposui,
2096 3362 2343 3416 Dissenii,
2386 3362 2656 3417 Huschkii‚

337 3430 517 3474 aliorum
549 3430 769 3488 opiniones
801 3430 953 3475 cedant
983 3434 1160 3487 oportet.
