3043 3838
1417 216 1469 260 10

279 353 351 407 qui
380 351 598 394 blanditur
627 351 752 395 senili
782 352 873 407 ipse
904 366 1097 408 corpore;
1151 353 1224 397 ille
1259 353 1371 397 enim
1408 366 1491 396 non
1534 353 1659 397 modo
1701 353 2023 408 intempestivae
2060 354 2314 412 salacitatis,
2359 359 2435 403 sed
2471 359 2597 403 etiam

281 419 493 464 mendacii
523 419 683 463 crimen
714 419 758 463 in
790 435 835 464 se
865 419 1061 463 admittit.
1123 420 1243 473 Quae
1272 434 1401 476 quum
1431 422 1491 465 ita
1522 421 1618 475 sint,
1651 420 1842 464 datiuum
1872 426 1984 475 capiti
2010 420 2300 476 recipiendum
2332 439 2494 471 censeo.
2548 426 2597 469 In

282 488 462 533 eandem
502 488 590 533 fere
627 489 881 533 sententiam
911 488 1144 545 disputauit
1173 490 1564 534 Drenkhahnius
1595 491 1752 546 (progr.
1784 488 2041 545 paedagogii
2070 489 2293 536 Putbusini
2321 508 2360 537 a.
2396 497 2503 539 1862
2533 494 2597 539 ed.

276 572 317 614 p.
344 558 403 611 2),
434 571 560 612 quem
583 558 740 600 frustra
764 558 1036 613 impugnasse
1061 558 1165 600 mihi
1189 558 1358 601 uidetur
1381 559 1590 602 Grafius
1615 561 1771 614 (progr.
1796 558 2381 614 gymn.Memeliania.1865
2401 563 2465 607 ed.
2483 578 2523 619 p.
2538 565 2595 617 6).

884 717 949 760 75.
1009 721 1083 759 Hze
1112 734 1175 771 eqo
1206 723 1281 759 due
1311 723 1476 772 milesque
1504 722 1637 760 bonus.-
1665 735 1729 760 uos
1756 723 1860 771 siqua
1888 720 2060 770 tubaeque

1058 790 1110 827 Ite
1131 791 1273 840 procul,
1303 790 1442 841 cupidis
1471 792 1619 828 uulnera
1641 791 1735 840 sorte
1763 791 1861 835 uiris,

998 857 1107 894 Ferte
1136 863 1168 894 et
1197 869 1304 907 opes.-
1332 876 1389 885 —

482 965 784 1009 Animaduerte
813 964 1088 1009 artificiosam
1118 965 1202 1009 loci
1232 970 1496 1010 structuram.
1558 966 1687 1010 Cuius
1717 966 1778 1010 rei
1808 971 1957 1020 cupidos
1986 967 2100 1010 uiros
2132 967 2294 1023 citaret,
2326 970 2371 1012 id
2395 971 2597 1026 proximis

278 1035 421 1078 uerbis
452 1033 755 1077 declarandum
791 1039 882 1077 erat
916 1039 1087 1089 poetae,
1132 1041 1177 1077 ut
1207 1035 1239 1089 I,
1273 1036 1311 1087 8,
1344 1035 1399 1078 56
1434 1041 1508 1088 ipse
1538 1039 1636 1077 dedit
1665 1039 1806 1089 cupidae
1827 1040 1962 1088 fallere
1988 1051 2094 1089 posse
2123 1040 2230 1084 deus,-
2259 1038 2305 1091 9,
2336 1039 2391 1081 58
2422 1049 2453 1081 et
2475 1050 2599 1094 pateat

279 1108 418 1156 cupidis
445 1118 584 1155 semper
618 1114 749 1155 aperta
779 1107 917 1148 domus.
959 1102 1017 1144 ad
1052 1102 1165 1156 quod
1201 1116 1335 1156 genus
1377 1102 1622 1156 cupiditatis
1663 1107 1891 1156 spectetur,
1934 1116 1957 1144 e
1992 1102 2122 1144 totius
2158 1102 2239 1145 loci
2284 1112 2434 1147 natura
2471 1105 2595 1148 facile

277 1169 426 1211 elucet.
488 1168 574 1212 Sed
605 1168 728 1223 παρὰ
756 1166 1048 1224 προσδοκίαν,
1093 1175 1137 1211 111
1173 1169 1292 1211 aiunt
1328 1170 1498 1222 Graeci,
1546 1183 1640 1211 cum
1678 1169 1814 1212 ironia
1854 1168 2040 1223 quadam
2075 1169 2256 1224 primum
2293 1178 2442 1214 uulnera
2486 1186 2596 1215 com-

276 1241 501 1291 memorat,
545 1242 590 1279 ut
627 1250 737 1290 quae
772 1237 1018 1291 neutiquam
1060 1236 1277 1292 cupientes
1314 1242 1455 1279 tamen
1492 1241 1605 1279 certo
1641 1241 1853 1292 reportent
1889 1236 2081 1280 bellicosi
2117 1236 2181 1279 illi
2221 1237 2423 1283 homines.
2485 1240 2593 1282 Tum

276 1302 447 1347 demum
477 1303 615 1347 addit:
647 1305 752 1347 ferte
777 1304 917 1359 etiam,
950 1304 1146 1358 equidem
1170 1317 1254 1354 non
1279 1303 1462 1358 inuideo,
1495 1304 1552 1358 id,
1584 1304 1697 1358 quod
1722 1318 1765 1347 re
1791 1318 1891 1347 uera
1917 1305 2083 1359 cupitis,
2127 1304 2372 1348 diuitiarum
2404 1308 2594 1350 fructum.

1413 1606 1467 1655 Il.

482 1779 626 1833 Usque
651 1779 706 1821 ad
732 1793 900 1822 uersum
924 1793 1081 1822 nonum
1106 1794 1188 1833 quo
1214 1780 1306 1822 1000
1332 1786 1456 1833 poeta
1483 1781 1645 1823 uersari
1669 1794 1714 1823 se
1738 1780 1883 1835 fingat,
1910 1785 2029 1823 extra
2050 1793 2215 1823 omnem
2235 1781 2419 1835 positum
2437 1771 2501 1824 031
2520 1781 2592 1823 (111-

276 1847 540 1890 bitationem.
601 1847 785 1890 Domum
816 1847 927 1890 enim
959 1860 1092 1901 suam,
1126 1861 1254 1901 quum
1285 1853 1384 1890 aute
1415 1849 1579 1890 amicae
1609 1849 1720 1891 fores
1750 1849 1969 1891 obseratas
1999 1853 2040 1890 et
2070 1847 2304 1890 custoditas
2334 1848 2595 1903 aliquantum

276 1915 479 1970 temporis
509 1920 810 1970 exspectasset,
843 1915 943 1958 dum
973 1916 1332 1970 intromitteretur,
1365 1916 1590 1971 desperata
1621 1916 1736 1959 illius
1766 1916 1902 1959 noctis
1932 1916 2094 1959 Venere
2124 1915 2344 1970 discessit,
2377 1922 2421 1958 ut
2451 1928 2595 1959 tentaret

275 2001 383 2025 curas
415 1988 589 2037 depellere
617 1990 699 2025 uino
730 1983 822 2037 (cfr.
855 1984 895 2038 5,
926 1984 1012 2036 37).
1073 1985 1189 2026 Inter
1217 1985 1369 2038 pocula
1402 1990 1544 2026 autem
1574 1984 1705 2026 durae
1736 1984 1851 2026 illius
1882 1984 2035 2027 ianuae
2066 1983 2311 2027 recordatus
2353 1989 2594 2037 erumpente

276 2050 340 2092 ira
372 2050 496 2103 quasi
526 2055 793 2104 praesentem
825 2064 919 2093 eam
951 2058 1212 2093 exsecratur:

946 2158 1064 2196 Ianua
1094 2158 1248 2207 difficilis
1278 2158 1453 2204 dominae,
1482 2164 1514 2196 te
1541 2158 1699 2197 aether-et
1727 2158 1846 2204 imber,

1008 2225 1058 2264 Te
1088 2227 1184 2264 Iouis
1214 2228 1359 2276 imperio
1383 2228 1541 2272 fulmina
1571 2229 1678 2264 missa
1704 2233 1839 2276 petant.

483 2324 593 2366 Tum
625 2323 775 2367 eadem
806 2324 1062 2380 apostrophe
1094 2325 1152 2367 ita
1184 2325 1338 2380 pergit:

945 2432 1075 2477 Ianua,
1104 2433 1177 2469 iam
1202 2438 1333 2480 pateas
1362 2433 1425 2469 uni
1452 2431 1547 2478 mihi,
1576 2434 1669 2470 uicta
1700 2432 1858 2481 querelis,

1003 2497 1086 2536 Neu
1107 2498 1238 2547 furtim
1268 2511 1371 2536 uerso
1403 2499 1552 2536 cardine
1580 2505 1705 2549 aperta
1736 2511 1847 2535 sones.

479 2597 642 2638 Mutato
673 2596 803 2650 igitur
832 2600 1003 2651 repente
1028 2595 1181 2638 affectu
1206 2609 1232 2638 a
1257 2595 1537 2638 detestatione
1562 2596 1750 2638 animum
1775 2596 1981 2638 conuertit
2005 2595 2062 2638 ad
2085 2595 2384 2650 precationem.
2426 2593 2595 2646 Quidni,

274 2669 319 2708 ut
356 2664 629 2708 uehementer
672 2663 871 2707 commoti
913 2663 1046 2706 animi
1086 2665 1280 2706 amator?
1338 2665 1393 2706 At
1424 2665 1562 2707 locum
1593 2664 1718 2707 simul
1749 2663 1923 2706 mirifice
1954 2664 2144 2706 mutauit.
2205 2663 2314 2705 Nam
2346 2661 2423 2704 has
2452 2675 2597 2716 preces

272 2733 449 2775 fundere
479 2746 564 2775 non
595 2738 734 2786 potest
764 2732 848 2774 nisi
872 2737 991 2774 stans
1021 2738 1119 2774 01110
1151 2732 1288 2787 ipsam
1319 2733 1504 2786 ianuam,
1535 2738 1581 2775 ut
1605 2733 1829 2776 manifesto
1854 2738 2032 2788 apparet
2061 2747 2114 2777 ex
2140 2732 2292 2777 uocula
2322 2738 2395 2774 iam
2420 2730 2463 2773 in
2487 2730 2596 2774 hanc

273 2801 365 2844 Sine
408 2800 538 2844 dubio
575 2800 830 2844 sententiam
873 2799 1038 2843 addita:
1094 2807 1191 2848 „iam
1231 2806 1314 2843 inde
1343 2806 1389 2842 ab
1418 2806 1483 2843 hoc
1511 2808 1678 2856 temporis
1705 2813 1850 2855 punem,
1891 2819 1984 2844 nunc
2020 2806 2163 2845 tandem
2193 2806 2371 2854 [κάθευδ’.
2430 2799 2596 2853 Ergone

273 2869 401 2912 rediit
442 2869 499 2912 ad
529 2870 702 2912 ianuam
733 2870 885 2913 Deliae
915 2883 968 2913 ex
998 2870 1214 2923 potatione
1256 2869 1521 2912 domestica?
1580 2869 1752 2912 Minime
1783 2883 1894 2913 uero.
1954 2870 2061 2912 Eam
2104 2869 2186 2912 loci
2228 2866 2503 2910 mutationem
2544 2879 2595 2909 ne

273 2938 404 2980 uerbo
435 2937 606 2991 quidem
636 2937 870 2980 indicatam
900 2951 1031 2980 sanae
1061 2937 1214 2980 mentis
1243 2943 1394 2992 poetae
1424 2951 1548 2980 nemo
1579 2942 1716 2992 potest
1758 2937 1979 2993 imputare.
2038 2938 2106 2981 An
2149 2948 2319 2981 carmen
2359 2939 2493 2977 totum
2534 2938 2597 2977 est

273 3001 713 3059 παρακλαυσίθυρον,
745 3010 790 3048 111
820 3005 946 3060 primi
976 3019 1144 3059 quoque
1174 3011 1268 3048 octo
1299 3019 1446 3048 uersus
1477 3005 1556 3048 sub
1586 3005 1685 3048 diuo
1717 3007 1876 3049 cantati
1906 3006 2020 3049 sint‘?
2067 3006 2132 3049 Ne
2175 3005 2255 3047 hoc
2298 3001 2468 3057 quidem
2499 3017 2594 3046 con-

274 3073 487 3126 cesserim,
519 3087 762 3127 quanquam
787 3072 1011 3116 Dissenius
1041 3073 1262 3128 amplexus
1287 3078 1362 3117 est.
1412 3074 1523 3116 Nam
1548 3073 1646 3117 licet
1671 3074 1843 3118 iuuenes
1869 3080 1967 3118 ante
1992 3074 2225 3117 amicarum
2251 3071 2398 3114 domos
2425 3076 2466 3113 et
2490 3071 2595 3115 bene

273 3141 364 3196 poti
394 3141 567 3196 saepius
598 3141 783 3196 grassati
813 3141 899 3184 sint
941 3140 1035 3195 (cfr.
1068 3141 1191 3195 Ouid.
1223 3156 1305 3184 am.
1338 3142 1371 3195 I,
1404 3144 1443 3194 6,
1474 3142 1549 3194 593
1592 3142 1715 3197 Prop.
1759 3143 1791 3196 Ι,
1827 3145 1891 3196 16,
1922 3143 1967 3197 5)
1999 3148 2041 3186 et
2070 3140 2233 3185 exclusi
2265 3138 2475 3182 interdum
2504 3153 2594 3194 per-

275 3209 542 3252 noctauerint
567 3207 660 3263 (cfr.
687 3209 901 3264 Aristoph.
916 3209 1030 3252 Eccl.
1053 3210 1156 3263 903;
1187 3210 1311 3264 Prop.
1338 3210 1370 3263 Ι,
1401 3211 1464 3263 16,
1496 3210 1697 3264 23—46),
1719 3210 1826 3252 illud
1850 3211 1993 3253 nescio
2018 3224 2073 3252 an
2098 3207 2257 3252 nemini
2281 3207 2596 3261 persuadeatur,

273 3281 491 3331 potantem
521 3276 581 3318 ibi
611 3280 866 3331 quemquam
897 3282 1112 3320 uersatum
1143 3291 1235 3320 esse
1260 3284 1301 3320 et
1325 3277 1489 3319 acriora
1515 3278 1668 3331 pocula
1693 3292 1720 3320 a
1745 3278 1936 3321 ministro
1957 3278 2203 3333 poposcisse
2229 3276 2282 3329 (l.
2308 3278 2406 3316 adde
2429 3275 2592 3329 merum),

275 3349 320 3387 ut
351 3344 546 3399 repulsae
576 3344 765 3389 dolorem
796 3345 1047 3400 consopiret,
1091 3346 1338 3400 praesertim
1369 3345 1412 3387 in
1442 3345 1598 3388 furtiuo
1636 3351 1793 3402 nuptae
1824 3360 1967 3390 amore
2003 3345 2119 3389 omni
2156 3357 2285 3400 opera
2316 3341 2492 3386 celando
2523 3342 2596 3397 (10

273 3429 341 3454 neu
369 3418 500 3464 furtim
537 3429 641 3455 uerso
680 3418 829 3456 cardine
863 3425 991 3467 aperta
1027 3430 1148 3461 sone-9,-
1193 3415 1244 3456 15
1273 3424 1309 3455 tu
1340 3430 1476 3467 quoque
1511 3431 1554 3455 ne
1589 3419 1709 3457 timide
1738 3419 1915 3465 custodes,
1956 3419 2078 3466 Delia,
2111 3416 2234 3466 falle).
2294 3409 2416 3461 Quod
2457 3416 2597 3453 autem
