3043 3838
1422 195 1475 234 14

285 329 444 373 amoris
476 333 777 383 contemptore,
809 328 1122 384 expeditionem
1153 327 1197 371 in
1222 327 1416 372 Ciliciam
1446 328 1605 371 factam
1636 341 1711 382 pro
1741 339 2007 380 quacumque
2037 326 2307 381 expeditione
2336 326 2489 370 bellica
2518 338 2603 368 me-

289 403 497 441 moratam
528 410 622 441 esse
652 402 903 441 statuamus.
964 398 1055 441 Hoc
1085 397 1210 441 modo
1242 397 1384 441 omnia
1425 396 1625 450 expedita
1670 399 1852 438 currunt.
1913 394 2024 437 Nam
2064 400 2160 449 post
2200 413 2264 438 nec
2293 406 2326 438 te
2348 411 2454 450 posse
2482 409 2606 436 carere

287 471 392 509 uelim
422 466 502 509 1100
531 465 672 520 ipsum
703 470 991 522 exspectatur:
1025 466 1278 520 quicumque
1308 470 1449 509 autem
1477 478 1553 520 pro
1583 469 1625 508 te
1654 463 1817 506 mauult
1845 462 2047 518 praedam
2079 468 2122 507 ct
2150 464 2329 519 gloriam
2360 460 2605 514 consectari,

285 533 323 576 is
353 534 514 576 ferreus
544 540 621 576 est.
682 534 776 585 Quo
806 534 965 588 optime
1001 534 1200 576 conuenit
1240 539 1403 574 maluerit
1443 533 1754 584 coniunctiuus3
1797 544 1848 574 00
1890 531 2002 573 enim
2035 536 2200 582 ser-reum
2233 539 2332 573 illum
2373 529 2604 587 generatim

285 601 446 644 dictum
476 615 570 645 esse
600 601 814 645 indicatur
842 614 936 657 pro:
985 607 1131 654 sem-eus
1162 611 1212 643 est
1240 605 1413 642 eiusmodi
1444 606 1557 642 homo.
1616 600 1764 654 Neque
1800 612 1900 642 uero
1942 598 1985 641 in
2026 598 2120 654 ipso
2160 600 2407 654 pronomine
2436 603 2499 642 est
2533 610 2606 640 cur

284 669 555 725 haereamus,
597 684 726 725 quum
757 683 833 725 pro
862 676 908 720 is,
950 674 1095 725 utpote
1126 682 1254 723 quam
1284 668 1482 711 uoculam
1511 668 1683 711 minime
1713 672 1874 722 ament,
1905 666 2155 722 saepissime
2185 674 2337 723 poetae
2374 667 2603 711 adhibeant

284 745 351 780 ille.
412 738 498 781 Sed
528 744 870 793 quantacumque
900 743 997 780 sunt
1027 737 1134 780 hacc
1163 742 1427 792 argumenta,
1458 742 1601 780 tamen
1636 735 1692 778 ad
1733 735 1896 778 irritum
1938 734 2186 790 rediguntur
2227 751 2312 780 uno
2354 737 2482 780 uerbo
2515 741 2601 789 suit,

287 820 370 860 quo
412 807 589 862 perfecti
630 805 863 848 indicatiuo
894 804 947 847 de
977 810 1091 847 certo
1127 804 1313 858 quodam
1343 804 1513 847 homine
1543 810 1739 859 certoque
1764 802 2036 860 profectionis
2067 808 2254 859 tempore
2284 806 2356 860 agi
2386 805 2487 848 solis
2511 804 2604 845 luce

286 879 350 917 est
380 874 550 918 clarius.
611 873 730 925 Quae
760 887 889 929 quum
924 871 985 916 ita
1020 872 1124 929 sint,
1168 888 1297 929 quum
1334 874 1529 917 omnibus
1571 874 1654 918 loci
1689 873 1922 917 rationibus
1959 874 2009 916 00
2039 872 2317 929 deducamur,
2361 889 2445 918 non
2474 879 2519 916 ut
2548 871 2600 916 de

288 947 403 986 certo
433 942 620 995 homine,
664 940 739 985 scd
770 945 816 984 ut
845 940 1081 995 generatim
1112 941 1228 995 loqui
1270 946 1440 997 poetam
1482 947 1736 996 statuamus,
1777 942 1916 985 obstet
1956 940 2055 984 huic
2096 940 2432 997 interpretationi
2474 955 2601 985 unum

286 1009 560 1054 uocabulum:
587 1013 726 1053 utrum
751 1021 911 1063 quaeso
935 1008 1074 1064 magis
1098 1013 1164 1053 cst
1187 1013 1532 1064 consentaneum,
1557 1013 1748 1054 totamne
1773 1023 1860 1053 rem
1886 1008 2038 1052 uitiose
2068 1012 2111 1052 et
2130 1008 2345 1055 incondite
2369 1008 2603 1054 institutam

291 1091 384 1123 esse
414 1078 470 1122 ab
501 1081 674 1122 auctore
704 1078 822 1134 ipso,
865 1091 922 1122 an
952 1077 1059 1122 illud
1088 1078 1344 1123 uocubulum
1375 1077 1526 1122 uitiose
1556 1082 1598 1122 ct
1628 1077 1938 1122 inconsiderate
1967 1081 2192 1132 exceptum
2221 1090 2315 1122 esse
2345 1091 2372 1122 a
2402 1076 2601 1122 librario?

287 1147 370 1199 Qui
400 1160 587 1202 quanam
617 1159 723 1190 uoce
753 1147 924 1189 Tibullo
955 1147 1137 1201 probata
1166 1160 1288 1190 suum
1319 1160 1501 1190 errorem
1533 1146 1811 1201 commutarit,
1844 1159 1923 1202 ego
1954 1158 2037 1188 non
2068 1145 2105 1188 is
2135 1159 2241 1201 sum,
2280 1147 2352 1201 qui
2382 1161 2458 1203 pro
2488 1151 2600 1190 certo

286 1216 500 1258 affirmare
530 1215 732 1269 audeam;
763 1220 906 1258 tamen
936 1215 1322 1270 proloquar‚‚quod
1352 1216 1554 1269 seriptum
1583 1216 1715 1258 fuisse
1744 1214 1848 1256 mihi
1877 1214 2097 1268 probabile
2127 1219 2220 1269 ests
2492 1230 2496 1234 ¹

951 1319 1112 1357 Ferreus
1139 1321 1206 1367 ille,
1235 1333 1357 1358 suam
1386 1321 1449 1370 qui
1475 1326 1507 1358 te
1535 1333 1643 1371 quum
1666 1327 1786 1371 posset
1813 1319 1955 1366 habere,

1006 1388 1181 1425 „Malum-it
1202 1389 1370 1437 praedas
1397 1389 1524 1425 stultus
1553 1394 1586 1425 et
1614 1401 1720 1426 arma
1748 1390 1855 1437 sequi.

491 1485 581 1530 Nec
612 1499 771 1541 uereor,
803 1498 857 1528 ne
887 1483 1030 1527 audax
1061 1498 1154 1527 csse
1185 1484 1350 1540 uidear3
1381 1499 1480 1528 nam
1511 1484 1705 1541 syllabae
1733 1502 1777 1528 su
1806 1490 1848 1528 et
1871 1491 1918 1537 su
1949 1485 2199 1540 quantulum
2235 1486 2344 1530 inter
2373 1501 2418 1530 se
2448 1487 2603 1530 distent

286 1560 479 1612 apparet,
511 1560 553 1598 ct
584 1554 636 1597 de
667 1553 836 1611 syllaba
866 1570 927 1595 am
968 1566 1044 1608 per
1085 1552 1381 1609 compendium
1423 1553 1582 1609 scripta
1622 1552 1750 1597 facile
1791 1558 1956 1610 poterat
1998 1552 2140 1596 errari.
2200 1553 2263 1597 Ac
2305 1554 2358 1599 dc
2400 1556 2608 1599 sententia

293 1623 481 1666 dubitari
523 1638 550 1665 11
581 1638 608 1665 11
638 1628 790 1678 potest,
820 1623 922 1676 quin
958 1622 1019 1664 ita
1043 1621 1228 1664 ualidius
1253 1623 1382 1664 etiam
1413 1623 1523 1665 inter
1546 1637 1592 1665 se
1617 1627 1884 1677 opponantur
1907 1622 2012 1674 haec
2043 1622 2145 1666 duo:
2178 1624 2363 1678 puellam
2393 1626 2605 1680 propriam

291 1691 448 1734 habere
479 1696 521 1734 et
545 1638 749 1745 lssraedam
774 1689 948 1732 dubiam
973 1690 1138 1732 sectari.
1187 1690 1235 1731 In
1267 1691 1513 1744 imperfecto
1544 1695 1685 1732 autem
1717 1695 1904 1743 tempore
1935 1689 2096 1744 (posset)
2127 1705 2180 1733 ne
2210 1691 2305 1745 quis
2335 1693 2532 1749 offendat,
2563 1694 2606 1735 id

287 1759 343 1803 ad
375 1760 611 1814 perfectum
642 1761 844 1810 (maluerit)
873 1758 1138 1801 referendum
1169 1764 1233 1801 est
1263 1759 1317 1801 ab
1348 1773 1482 1812 eoque
1512 1759 1680 1812 regitur.

849 1918 915 1959 69.
973 1921 1040 1958 Ille
1068 1923 1145 1959 lieet
1179 1920 1327 1959 Cilicum
1342 1924 1472 1987 ,uictas
1500 1929 1587 1969 aqut
1611 1928 1692 1958 ante
1721 1928 1884 1959 cateruas

1026 1989 1148 2027 Ponat
1175 1995 1209 2027 et
1238 1991 1273 2027 in
1304 1989 1409 2038 ca'pto
1438 1990 1580 2027 Martia
1611 1994 1733 2026 castra
1761 1990 1834 2026 solo

976 2056 1013 2093 T
1008 2063 1084 2093 otus
1114 2063 1144 2094 et
1174 2062 1319 2106 arqento
1350 2063 1541 2102 contemtus,
1571 2062 1662 2094 totus
1691 2063 1721 2094 et
1745 2070 1835 2094 auro

1031 2124 1192 2161 Insideat
1223 2125 1330 2161 celeri
1358 2125 1627 2174 conspiciendus
1656 2135 1761 2174 equo:

971 2192 1054 2241 Ipse
1084 2193 1187 2229 boues
1217 2204 1297 2229 mea
1326 2194 1360 2229 si
1385 2198 1499 2228 tecum
1529 2193 1635 2229 modo
1663 2193 1772 2230 Delia
1796 2194 1931 2242 possim

1029 2259 1181 2309 Iunyere
1209 2266 1239 2297 et
1267 2262 1304 2298 in
1332 2261 1431 2298 solito
1454 2272 1608 2310 pascere
1637 2266 1751 2298 monte
1773 2272 1897 2310 pecus,

969 2331 1021 2367 Et
1050 2336 1082 2367 te
1111 2330 1197 2366 dum
1226 2331 1329 2367 liceat
1356 2331 1483 2366 tenente
1512 2331 1659 2366 retinere
1689 2331 1849 2366 lacertis:

1027 2398 1150 2435 Allollz's
1178 2404 1212 2435 ct
1239 2398 1371 2435 inculta
1400 2399 1446 2435 sit
1472 2398 1559 2435 mila·
1584 2410 1728 2434 somnus
1755 2397 1870 2435 humo.

455 2509 537 2552 Pro
557 2522 620 2564 eo,
641 2508 754 2563 quod
772 2507 941 2564 proprie
962 2507 1189 2551 dicendum
1208 2511 1315 2551 erat:
1344 2506 1443 2562 „illc
1463 2511 1506 2550 et
1524 2506 1728 2551 uictoriae
1747 2506 1916 2550 laudem
1934 2512 1975 2551 et
1994 2508 2204 2553 maximas
2223 2522 2325 2565 opes
2344 2516 2606 2567 assequatur,

284 2592 377 2633 ego,
410 2578 448 2619 si
478 2576 604 2619 modo
635 2581 776 2619 tecum
808 2576 901 2629 sim,
932 2576 1070 2630 Delia,
1103 2576 1357 2629 lacertisque
1387 2580 1428 2618 tc
1458 2576 1675 2629 retineam,
1707 2588 1784 2617 nec
1815 2576 1945 2618 boues
1975 2576 2149 2631 iungere
2179 2581 2253 2619 aut
2281 2591 2410 2633 pecus
2434 2591 2613 2633 pascere·

284 2659 363 2689 nee
389 2646 432 2687 in
458 2645 566 2687 dura
589 2644 717 2686 humo
742 2656 937 2686 somnum
963 2657 1114 2697 capere
1139 2643 1443 2697 dedignabor“,
1468 2644 1530 2685 ita
1555 2643 1691 2685 oratio
1722 2648 1882 2685 structa
1905 2649 1981 2697 est,
2008 2648 2053 2686 ut
2077 2645 2207 2687 totius
2225 2645 2388 2699 periodi
2407 2646 2607 2700 apodosis

284 2716 375 2767 (ipoe
404 2717 510 2754 boues
538 2735 595 2741 —
624 2728 769 2753 somnus
796 2715 919 2762 humo)
956 2711 1052 2766 ipsa
1087 2711 1391 2753 condicionalis
1420 2710 1585 2766 periodi
1615 2711 1659 2752 in
1690 2710 1859 2753 modum
1890 2712 2125 2767 composita
2155 2712 2367 2768 duplicem
2403 2713 2601 2756 exhibeat

283 2781 476 2838 protasin
507 2782 559 2832 (si
584 2790 698 2823 tecum
728 2784 834 2821 modo
859 2785 997 2833 possim
1026 2804 1094 2833 —,
1126 2784 1213 2821 dum
1241 2788 1274 2821 te
1303 2784 1408 2821 liceat
1437 2782 1528 2831 -)‚
1558 2778 1603 2821 in
1633 2792 1760 2834 quam
1790 2793 1873 2822 non
1904 2780 1996 2823 sine
2026 2780 2200 2823 licentia
2230 2780 2427 2835 quadam,
2458 2786 2599 2825 tamen

282 2848 367 2892 non
416 2862 546 2904 supra
581 2861 846 2890 communem
889 2852 1109 2903 poetarum
1157 2846 1373 2889 licentiam
1410 2854 1547 2901 partim
1588 2863 1709 2888 eorum
1749 2852 1977 2903 praecepta
2017 2852 2133 2900 sunt,
2188 2861 2298 2902 quae
2337 2848 2504 2903 proprie
2545 2849 2599 2892 ad

282 2916 493 2973 apodosin
524 2920 644 2959 erant
674 2914 907 2958 reicienda:
951 2920 1057 2957 boues
1085 2921 1231 2969 iwzyere
1272 2915 1436 2971 (oppos.
1470 2929 1509 2957 u.
1545 2916 1599 2958 72
1628 2920 1782 2957 atridem
1811 2921 1916 2958 celeri
1942 2919 2047 2968 equo)
2089 2921 2132 2959 et
2158 2933 2269 2970 pecus
2296 2922 2332 2957 in
2361 2921 2461 2958 solito
2490 2929 2604 2959 monte

276 3001 433 3040 pascere
463 2983 577 3040 (opp.
610 2997 649 3026 u.
683 2985 750 3026 70.
782 2990 819 3025 in
855 2994 960 3037 capto
989 2989 1064 3025 solo
1093 2994 1215 3025 castra
1241 2985 1401 3038 ponere).
1459 2982 1701 3026 Contortius
1743 2996 1846 3026 sane
1881 2987 1922 3026 et
1951 2982 2167 3027 difficilius
2209 2983 2341 3026 uerba
2382 2983 2601 3038 collocata,

283 3052 360 3096 sed
390 3057 437 3096 ut
466 3051 697 3095 difficultas
728 3051 954 3105 minuatur,
985 3050 1174 3093 maxima
1204 3051 1247 3093 ui
1277 3051 1504 3107 pronuntia
1534 3051 1578 3093 in
1609 3051 1826 3095 recitando
1856 3051 1981 3094 illud:
2013 3058 2047 3094 si
2072 3063 2187 3095 tecum
2214 3057 2331 3094 modo.

488 3119 574 3163 Sed
604 3119 710 3162 haee
740 3119 1023 3163 scholasticae
1053 3119 1191 3173 magis
1221 3119 1582 3175 interpretationis
1613 3125 1726 3162 sunt:
1758 3120 1835 3163 illa
1864 3134 1964 3164 uero
1994 3121 2120 3164 huius
2150 3120 2252 3175 loci,
2284 3120 2357 3162 ubi
2385 3134 2438 3163 ne
2467 3121 2600 3164 minu-

280 3189 364 3232 tias
395 3188 566 3244 quidem
596 3188 666 3231 uel
696 3187 938 3231 subtiliores
962 3187 1226 3243 singulorum
1256 3188 1480 3231 uerborum
1505 3187 1824 3243 disquisitiones
1848 3203 1953 3232 naso
1982 3189 2149 3233 adunco
2180 3187 2437 3245 suspendere
2462 3188 2598 3232 liceat.

281 3258 367 3302 Cur
401 3261 528 3300 Cilices
556 3257 825 3313 potissimum
855 3256 1016 3300 ferreus
1057 3256 1130 3299 ille
1166 3256 1292 3299 homo
1334 3261 1398 3300 est
1436 3257 1600 3311 agens?
1653 3257 1765 3299 Num
1795 3257 1851 3300 ad
1881 3258 2139 3315 triumphum
2175 3256 2419 3300 referendus
2449 3271 2487 3300 u.
2521 3258 2603 3301 72?

279 3328 344 3370 Ac
374 3326 531 3370 Cilices
573 3324 744 3381 quidem
779 3339 864 3368 non
893 3329 1118 3381 propterea
1160 3325 1477 3369 commemorati
1513 3330 1635 3382 sunt,
1678 3325 1791 3381 quod
1820 3326 2023 3370 Messalla
2063 3331 2163 3370 tunc
2200 3339 2295 3368 eum
2332 3325 2418 3369 illis
2448 3326 2603 3370 bellum

279 3395 426 3450 gessit,
454 3394 528 3438 sed
553 3399 773 3451 poetarum
798 3407 914 3437 more
937 3407 1014 3450 pro
1039 3398 1128 3437 toto
1153 3394 1451 3437 bellicosarum
1475 3394 1664 3449 gentium
1684 3394 1887 3438 Romanis
1911 3395 2160 3438 infestarum
2185 3390 2339 3450 genere
2365 3395 2603 3452 exemplum
