3043 3838
1399 180 1423 220 7

253 333 390 377 genus
420 310 751 373 ἔπαναλίψεως
779 315 884 365 (dum
914 338 968 343 —
998 318 1206 362 dummodo)
1236 314 1280 356 in
1311 314 1592 357 delectatione
1631 313 1764 356 fuisse
1799 313 1967 355 videtur
1994 313 2186 366 Tibullo,
2229 317 2318 355 tam
2355 326 2482 367 saepe
2512 325 2564 355 eo

433 393 461 430 t.

254 403 357 432 usus
387 402 431 432 es
461 452 546 497 Sed
575 450 680 495 satis
709 464 918 507 superque
948 450 1001 494 de
1032 464 1117 493 una
1147 465 1204 505 re,
1235 451 1431 505 quamuis
1461 450 1704 506 multiplici:
1737 449 1970 503 uideamus,
2001 449 2105 509 quid
2133 450 2328 494 effectum
2357 449 2424 494 sit.

869 597 1054 642 Diuitias
1084 597 1194 642 alius
1222 597 1340 642 fuluo
1370 597 1452 642 sibi
1482 602 1683 654 congerat
1711 611 1815 641 auro

937 667 991 710 Et
1020 670 1162 710 teneat
1191 666 1294 710 culti
1323 666 1471 722 iugera
1501 667 1635 711 multa
1664 666 1758 720 soli,

869 734 1003 787 Quem
1032 734 1153 779 labor
1181 733 1379 779 assiduus
1409 734 1549 778 uicino
1578 738 1733 779 terreat
1763 734 1894 790 hoste,

937 803 1090 846 Martia
1120 803 1189 846 cui
1218 816 1387 846 somnos
1417 802 1601 846 classica
1629 803 1753 859 pulsa
1781 803 1948 858 fugent:

868 872 936 915 Me
964 886 1061 915 mea
1089 877 1318 927 paupertas
1347 871 1437 914 uita
1466 871 1661 914 traducat
1689 872 1827 925 inerti,
2152 873 2179 914 ὃ

783 941 810 983 6
935 941 1048 982 Dum
1077 953 1196 983 meus
1225 940 1396 983 assiduo
1427 940 1568 983 luceat
1596 940 1694 995 igne
1724 942 1856 994 focus,

754 1009 810 1051 25
868 1008 1106 1051 Dummodo
1136 1009 1222 1050 iam
1250 1008 1410 1063 possim
1440 1013 1660 1051 contentus
1689 1008 1834 1051 uiuere
1864 1022 1996 1064 paruo

937 1078 1026 1119 Nec
1056 1090 1222 1131 semper
1251 1077 1403 1131 longae
1433 1076 1601 1119 deditus
1631 1090 1724 1119 esse
1753 1077 1862 1131 uiae,

871 1144 957 1187 Sed
987 1144 1116 1187 Canis
1146 1144 1332 1187 aestiuos
1362 1149 1477 1186 ortus
1507 1144 1643 1187 uitare
1673 1144 1751 1186 sub
1780 1145 1930 1187 umbra

937 1213 1112 1255 Arboris
1141 1212 1198 1254 ad
1227 1212 1341 1254 riuos
1369 1213 1676 1269 praetereuntis
1706 1226 1856 1268 aquae.
2131 1215 2180 1255 10

873 1281 962 1324 Nec
991 1287 1134 1324 tamen
1163 1281 1372 1324 interdum
1402 1280 1560 1337 pudeat
1589 1281 1775 1325 tenuisse
1804 1281 1997 1325 bidentes

939 1351 1025 1393 Aut
1054 1350 1223 1393 stimulo
1253 1349 1397 1392 tardos
1427 1349 1686 1405 increpuisse
1716 1352 1867 1404 boues;

871 1418 967 1461 Non
997 1432 1207 1474 agnamue
1238 1418 1332 1461 sinu
1363 1419 1509 1475 pigeat
1537 1418 1724 1462 fetumue
1754 1418 1945 1474 capellae

759 1488 815 1530 32
941 1487 1164 1529 Desertum
1193 1487 1325 1529 oblita
1354 1492 1487 1530 matre
1517 1487 1671 1529 referre
1700 1487 1888 1540 domum3

787 1557 811 1597 7
870 1556 967 1609 Ipse
996 1569 1134 1597 seram
1163 1560 1330 1597 teneras
1360 1559 1523 1596 maturo
1553 1559 1741 1608 tempore
1769 1555 1879 1597 uites
2130 1556 2179 1597 15

941 1622 1138 1665 Rusticus
1168 1626 1210 1665 et
1237 1621 1357 1664 facili
1384 1621 1564 1675 grandia
1592 1635 1720 1676 poma
1749 1635 1889 1664 manu.

870 1689 960 1734 Nec
991 1703 1088 1745 spes
1118 1689 1332 1744 destituat,
1364 1688 1440 1734 sed
1468 1688 1638 1745 frugum
1668 1702 1834 1745 semper
1862 1702 2038 1736 aceruos

938 1758 1147 1802 Praebeat
1175 1761 1216 1801 et
1245 1757 1370 1813 pleno
1400 1757 1577 1813 pinguia
1607 1762 1746 1802 musta
1776 1758 1883 1801 lacu.

870 1826 981 1869 Nam
1010 1838 1198 1882 ueneror,
1230 1839 1305 1870 seu
1335 1827 1466 1883 stipes
1497 1826 1625 1869 habet
1654 1826 1844 1869 desertus
1875 1826 1918 1868 in
1948 1826 2075 1881 agris,

941 1895 1024 1936 Seu
1054 1899 1174 1937 uetus
1204 1894 1248 1936 in
1277 1894 1402 1936 triuio
1432 1894 1562 1936 florea
1591 1899 1704 1936 serta
1733 1894 1856 1949 lapis.
2124 1896 2180 1936 20

870 1963 924 2005 Et
953 1963 1244 2017 quodcumque
1272 1962 1377 2004 mihi
1401 1962 1557 2004 donum
1581 1976 1715 2004 nouus
1745 1962 1898 2005 educat
1927 1976 2075 2016 annus,

938 2032 1134 2073 Libatum
1163 2031 1395 2086 agricolam
1423 2031 1592 2086 ponitur
1620 2037 1718 2074 ante
1748 2031 1884 2074 deum.

869 2099 1005 2143 Flaua
1035 2098 1174 2154 Ceres,
1205 2098 1283 2143 tibi
1312 2098 1367 2142 sit
1397 2103 1538 2143 nostro
1569 2097 1622 2143 de
1652 2113 1747 2143 rure
1778 2113 1936 2144 corona

938 2167 1105 2224 Spicea,
1137 2182 1247 2223 quae
1277 2166 1423 2224 templi
1452 2166 1635 2224 pendeat
1664 2172 1763 2211 ante
1792 2167 1923 2223 fores;

869 2236 1143 2290 Pomosisque
1174 2235 1298 2278 ruber
1327 2239 1468 2278 custos
1497 2239 1679 2291 ponatur
1708 2236 1751 2279 in
1781 2236 1925 2291 hortis,
2125 2237 2180 2280 25

942 2305 1118 2347 Terreat
1149 2308 1195 2346 ut
1224 2317 1356 2346 saeua
1383 2302 1493 2346 falce
1523 2303 1704 2359 Priapus
1734 2318 1848 2347 aues.

875 2372 961 2415 Vos
991 2385 1170 2426 quoque,
1201 2371 1338 2414 felicis
1368 2371 1595 2425 quondam,
1627 2386 1738 2415 nunc
1767 2373 1967 2428 pauperis
1998 2373 2092 2427 agri

939 2439 1158 2493 Custodes,
1188 2439 1308 2482 fertis
1338 2452 1513 2481 munera
1541 2445 1695 2493 uestra,
1727 2442 1869 2483 Lares.

872 2510 992 2552 Tunc
1022 2509 1158 2552 uitula
1187 2509 1427 2552 innumeros
1458 2508 1664 2551 lustrabat
1694 2522 1820 2552 caesa
1850 2509 2066 2563 iuuencos,

941 2578 1063 2619 Nunc
1093 2591 1207 2631 agna
1235 2577 1379 2631 exigui
1408 2581 1472 2618 est
1502 2576 1641 2618 hostia
1669 2590 1803 2631 parua
1833 2578 1924 2618 soli.
2127 2579 2184 2619 30

873 2645 998 2700 Agna
1028 2645 1151 2686 cadet
1180 2644 1314 2698 uobis,
1346 2658 1474 2698 quam
1504 2644 1662 2685 circum
1693 2644 1851 2685 rustica
1880 2645 2011 2699 pubes

942 2714 1126 2756 Clamet:
1158 2713 1199 2755 io
1230 2728 1387 2757 messes
1417 2719 1459 2756 et
1488 2714 1599 2756 bona
1629 2712 1730 2755 uina
1759 2712 1869 2755 date.

875 2781 930 2823 At
961 2795 1036 2823 uos
1066 2781 1222 2836 exiguo
1252 2781 1394 2836 pecori
1423 2781 1619 2835 furesque
1649 2781 1820 2836 lupique

762 2850 816 2891 27
946 2849 1131 2902 Parcite3
1163 2848 1216 2890 de
1245 2863 1400 2903 magno
1431 2848 1589 2903 praeda
1619 2848 1800 2903 petenda
1829 2863 1968 2902 grege.

765 2917 820 2960 28
879 2916 969 2959 Hoc
994 2931 1072 2971 ego
1097 2920 1391 2971 pastoremque
1416 2930 1555 2959 meum
1580 2915 1758 2959 lustrare
1781 2916 2006 2969 quotannis
2126 2916 2180 2960 35

942 2985 995 3028 Et
1024 2983 1238 3039 placidam
1268 2984 1383 3027 soleo
1414 2997 1612 3037 spargere
1643 2984 1752 3027 lacte
1783 2983 1940 3027 Palem.

875 3052 1049 3105 Adsitis‚
1079 3051 1181 3105 diui,
1213 3064 1290 3094 nec
1320 3064 1397 3094 uos
1427 3050 1479 3093 dc
1508 3064 1695 3105 paupere
1724 3065 1869 3095 mensa

946 3121 1068 3162 Dona
1098 3132 1175 3162 nec
1206 3132 1229 3161 e
1257 3118 1373 3173 puris
1404 3118 1588 3172 spernite
1618 3119 1827 3162 fictilibus.
