3043 3838
1514 215 1542 257 2

362 354 493 408 lisper
522 365 670 395 uersus
694 352 762 395 39.
793 352 864 407 40,
895 350 1073 394 habebis
1108 350 1220 394 hunc
1257 349 1438 394 reditum
1473 349 1530 394 ad
1563 349 1745 405 primam
1775 348 2106 405 primariamque
2135 351 2389 396 sententiam
2419 351 2513 409 ipso
2542 350 2682 396 medio

362 420 550 464 carmine
580 419 641 463 ita
670 419 843 475 factum,
874 423 921 462 nt
950 418 1060 462 duae
1090 422 1258 462 exstent
1287 418 1477 462 eiusdem
1507 416 1786 473 longitudinis
1814 416 2027 472 strophae.
2086 419 2166 462 Illo
2196 425 2338 464 autem
2368 419 2567 464 disticho:

1070 525 1217 562 Fidilia
1245 527 1411 573 antiquus
1433 527 1593 573 primum
1623 525 1692 561 sibi
1715 525 1807 571 jecit
1836 526 1987 571 cyre-stis

1103 593 1257 637 Pocula,
1287 593 1333 629 de
1353 593 1467 640 facili
1493 593 1755 641 composuitque
1782 592 1852 628 luto

364 706 450 737 non
480 692 618 736 solum
648 690 956 747 superuacanei
985 690 1150 745 aliquid
1178 689 1336 745 inferri,
1367 689 1444 733 sed
1473 689 1602 732 etiam
1631 688 1880 743 interrumpi
1909 692 1951 731 et
1981 688 2143 732 turbari
2167 692 2470 735 sententiarum
2493 691 2681 735 ordinem

364 760 585 814 fateberis,
617 760 655 803 si
683 759 790 803 haec
819 772 984 801 mecum
1015 758 1309 801 consideraris.
1358 758 1494 800 Vocat
1517 762 1644 813 poeta
1667 757 1770 800 deos
1793 756 1850 798 ad
1874 769 2019 799 sacras
2042 755 2176 812 dapes
2201 758 2313 813 (37);
2329 765 2517 803 ‘excusat
2539 772 2682 802 earum

365 828 614 873 tenuitatem
645 826 758 882 (38);
799 830 1004 882 prouocat
1045 825 1102 868 ad
1131 825 1329 880 antiquos
1359 825 1551 868 homines
1581 825 1667 879 (39.
1698 825 1786 879 40).
1847 823 1960 876 Quid
1989 826 2120 879 ergo?
2162 827 2236 880 qui
2264 827 2390 870 modo
2426 827 2681 880 antiquam

364 894 761 950 simplicitatem
790 892 984 936 laudauit
1007 893 1183 947 eiusque
1207 893 1448 948 exemplum
1472 892 1593 946 sequi
1616 905 1662 935 se
1686 892 1962 945 confirmauit,
1987 904 2088 933 num
2112 893 2150 934 is
2174 893 2227 935 de
2257 900 2450 949 patrum
2480 893 2681 937 diuitiis

363 968 411 1005 et
433 962 635 1016 antiqui
659 962 743 1003 aui
766 961 1036 1014 messibus,
1062 974 1170 1014 quas
1194 964 1366 1015 spernat
1390 960 1477 1014 (41.
1502 959 1591 1013 42),
1622 959 1771 1002 eodem
1795 959 1946 1014 spiritu
1969 963 2109 1013 potest
2133 960 2277 1014 loqui?
2307 963 2418 1004 Nam
2442 974 2682 1016 quanquam

367 1030 539 1073 diuersa
562 1029 781 1072 hominum
804 1042 963 1084 genera
986 1027 1275 1082 intellegenda
1298 1041 1392 1070 esse
1415 1041 1500 1070 non
1524 1027 1686 1081 ignoro,
1712 1026 1851 1081 priore
1870 1027 1963 1069 loco
1983 1027 2168 1081 (antiquus
2185 1032 2352 1082 cyr-esta)
2369 1029 2530 1085 priscos
2542 1026 2681 1070 Latini

362 1097 457 1154 agri
481 1097 678 1151 cultores,
704 1096 839 1140 altero
863 1097 1038 1151 (patrum,
1062 1102 1205 1149 antiquo
1229 1099 1318 1148 auo)
1342 1095 1476 1151 ipsius
1489 1094 1650 1136 Tibulli
1673 1107 1869 1149 proauos,
1895 1099 2037 1136 tamen
2060 1093 2167 1137 haec
2192 1094 2417 1140 diuersitas
2437 1097 2498 1139 ita
2516 1110 2599 1138 non
2618 1099 2681 1138 est

364 1179 568 1223 expressa
597 1166 758 1219 uerbis,
802 1170 849 1207 ut
878 1178 1007 1218 quum
1037 1165 1250 1207 contraria
1279 1164 1478 1219 deinceps
1514 1164 1567 1206 de
1597 1164 1803 1219 utrisque,
1844 1164 2133 1219 frugalitatem
2163 1165 2216 1208 de
2246 1167 2408 1222 alteris,
2457 1168 2510 1211 de
2539 1166 2681 1210 alteris

361 1234 639 1290 opulentiam,
670 1233 938 1288 praedicaret
966 1237 1107 1287 poeta,
1140 1233 1178 1275 si
1201 1232 1373 1286 quidem
1401 1232 1515 1286 fecit,
1545 1237 1678 1275 totam
1703 1246 1791 1275 rem
1816 1231 2106 1276 incredibilem
2131 1238 2173 1277 et
2197 1233 2419 1290 indignum
2444 1236 2488 1279 in
2512 1234 2680 1279 modum

364 1301 615 1346 confuderit.
675 1302 825 1355 Neque
856 1315 969 1355 uero,
1012 1300 1049 1343 si
1090 1300 1198 1344 bene
1234 1314 1469 1343 connexam
1506 1300 1808 1344 sententiarum
1837 1300 1989 1344 seriem
2019 1299 2099 1344 hoc
2129 1300 2222 1345 loco
2264 1303 2522 1358 quaerimus,
2565 1301 2680 1346 aliud

362 1370 591 1424 quicquam
615 1368 738 1412 nobis
762 1368 1025 1422 relinquitur,
1051 1381 1180 1422 quam
1204 1372 1250 1411 ut
1275 1368 1485 1412 interiecti
1509 1367 1679 1412 distichi
1703 1368 1969 1412 immemores
1982 1381 2130 1412 uersus
2150 1370 2218 1412 41.
2234 1371 2291 1413 42
2317 1370 2374 1413 ad
2386 1384 2532 1415 uersus
2545 1372 2610 1414 37.
2624 1372 2678 1413 38

368 1437 615 1491 referamus,
646 1449 731 1491 quo
760 1435 875 1479 facto
905 1435 986 1478 hoc
1016 1448 1307 1490 assequemur:
1339 1435 1485 1489 ,‚Pet0,
1517 1435 1667 1490 inquit,
1698 1449 1725 1478 a
1749 1436 1883 1490 uobis,
1914 1435 1997 1489 dei,
2029 1440 2075 1479 ut
2097 1437 2254 1480 mundo
2278 1451 2371 1481 meo
2395 1439 2577 1493 quidem,
2607 1437 2681 1480 sed

363 1506 520 1561 exiguo
550 1504 762 1549 sacrificio
793 1504 978 1548 contenti
1002 1504 1116 1557 sitis3
1149 1517 1248 1546 nam
1272 1504 1430 1547 amisso
1456 1503 1710 1560 patrimonio
1733 1508 1775 1547 et
1799 1517 1962 1560 pauper
1985 1517 2078 1547 sum
2103 1509 2145 1547 et
2169 1518 2339 1549 manere
2364 1506 2408 1548 in
2432 1510 2679 1562 paupertate

363 1575 425 1617 ita
454 1573 593 1629 cupio,
625 1578 671 1615 ut
701 1585 786 1615 non
816 1572 1039 1629 pristinam
1068 1572 1281 1614 fortunam
1311 1585 1388 1614 uos
1418 1572 1614 1626 precibus
1644 1586 1862 1627 reposcam
1870 1572 1994 1626 ,Used
2017 1589 2143 1626 parua
2165 1590 2263 1626 seqes
2285 1580 2372 1615 mila·
2392 1582 2480 1615 satas
2501 1582 2546 1615 sit
2569 1574 2672 1616 cet“.

362 1643 442 1686 His
472 1642 598 1685 rebus
627 1640 937 1684 animaduersis
967 1640 1070 1695 quid
1100 1640 1221 1694 sequi
1250 1639 1471 1682 dicamus?
1529 1640 1717 1682 Primum
1748 1654 1799 1683 ea
1829 1640 2014 1695 suspicio
2044 1645 2249 1695 mouetur,
2281 1646 2326 1684 ut
2357 1655 2502 1685 uersus
2532 1643 2598 1685 39.
2624 1642 2679 1684 40

362 1712 630 1765 importunae
672 1709 890 1752 doctrinae
933 1708 1145 1752 hominem
1187 1713 1260 1751 aut
1301 1722 1377 1763 pro
1420 1708 1513 1751 loco
1553 1708 1679 1752 fictos
1715 1713 1790 1751 aut
1824 1707 1995 1751 aliunde
2032 1707 2303 1764 depromptos
2342 1709 2423 1753 huc
2454 1709 2679 1753 inseruisse

363 1778 629 1821 arbitremur.
689 1777 769 1820 His
805 1781 947 1820 autem
983 1776 1150 1820 reiectis
1186 1790 1295 1831 quae
1331 1780 1491 1820 restant
1525 1775 1635 1820 duae
1664 1776 1781 1832 paris
1811 1775 2088 1832 longitudinis
2118 1776 2316 1832 parisque
2347 1777 2511 1821 exordii
2539 1782 2679 1834 partes

363 1846 578 1900 carminis,
609 1860 684 1890 eas
714 1844 1023 1889 dehortandum
1054 1850 1130 1899 est,
1162 1860 1215 1889 ne
1246 1845 1341 1899 quis
1371 1845 1478 1889 duas
1508 1844 1669 1900 elegias
1698 1858 1791 1889 csse
1820 1849 1938 1901 putet
1967 1858 2042 1901 per
2071 1858 2253 1888 errorem
2285 1859 2393 1888 nunc
2420 1845 2676 1889 coniunctas.

365 1916 475 1959 Toto
505 1914 618 1959 enim
648 1914 835 1958 carmine
866 1914 927 1957 ita
957 1913 1179 1957 dimidiato
1211 1927 1341 1969 quum
1371 1913 1578 1970 posterior
1612 1927 1711 1969 pars
1740 1913 1950 1970 integrum
1981 1927 2134 1970 corpus
2163 1912 2321 1957 efficiat
2350 1919 2392 1957 et
2423 1914 2680 1970 poematium

362 1983 558 2027 omnibus
588 1982 677 2026 suis
707 1982 900 2038 partibus
930 1982 1183 2035 absolutum,
1216 1982 1319 2036 quid
1348 1995 1507 2036 quaeso
1537 1982 1681 2038 prior?
1710 1983 1786 2024 Est
1815 1983 1987 2025 mutilus
2018 1987 2203 2037 truncus,
2234 1988 2355 2037 turpe
2384 1983 2678 2038 fragmentum,

362 2051 446 2096 nisi
475 2051 582 2095 forte
612 2050 788 2094 deorum
818 2050 1122 2106 inuocationes,
1154 2050 1308 2105 quibus
1337 2050 1445 2093 haec
1468 2063 1568 2106 pars
1592 2063 1728 2106 paene
1753 2055 1841 2093 tota
1866 2051 2115 2106 continetur,
2146 2051 2246 2094 iusti
2271 2051 2471 2094 carminis
2498 2052 2680 2107 speciem

364 2120 565 2173 cuiquam
607 2119 830 2174 praebent,
873 2124 948 2161 aut
983 2131 1079 2161 eum
1109 2119 1327 2160 Tibullum
1362 2132 1456 2160 esse
1492 2132 1731 2171 censemus,
1784 2119 1858 2173 qui
1894 2120 1938 2161 in
1974 2119 2247 2162 rusticatione
2289 2134 2366 2161 sua
2404 2119 2682 2162 describenda

362 2188 533 2230 Deliam
563 2191 605 2229 et
635 2199 821 2229 amorem
858 2186 1027 2228 silentio
1064 2186 1293 2241 praeterire
1328 2186 1474 2241 possit.
1536 2186 1774 2229 Verisimile
1810 2191 1954 2230 tamen
1995 2191 2059 2230 est
2095 2201 2180 2230 non
2210 2200 2331 2239 casu,
2376 2186 2451 2229 sed
2491 2187 2680 2230 consulto

363 2260 534 2311 poetam
570 2255 632 2296 ita
667 2267 756 2297 rem
786 2253 1042 2307 instituisse,
1085 2258 1131 2296 ut
1167 2254 1412 2309 symmetria
1453 2253 1663 2308 quaedam
1705 2254 1890 2310 partium
1931 2259 2055 2309 esset,
2099 2260 2139 2298 et
2169 2255 2358 2310 repetitis
2400 2268 2495 2296 cum
2537 2255 2682 2309 aliqua

364 2323 572 2366 uarietate
602 2322 750 2378 primis
780 2321 1003 2364 sententiis
1033 2322 1170 2364 altera
1199 2335 1298 2377 pars
1329 2322 1613 2376 antistrophes
1643 2323 1766 2376 quasi
1802 2323 2008 2366 rationem
2038 2323 2287 2378 praeferret,
2330 2335 2414 2364 non
2443 2321 2556 2376 quod
2585 2328 2682 2365 ante

366 2390 636 2435 scribendum
667 2389 745 2433 tali
775 2389 1055 2445 componendi
1084 2390 1179 2445 lege
1209 2390 1300 2445 ipse
1331 2403 1376 2434 se
1406 2390 1688 2445 obstrinxerit,
1732 2391 1808 2435 sed
1848 2392 1956 2436 inter
1990 2391 2259 2435 scribendum
2289 2391 2432 2433 oblata
2462 2391 2682 2435 occasione

365 2460 446 2502 hoc
476 2458 656 2502 artificio
692 2471 795 2501 usus
833 2472 926 2501 esse
963 2458 1141 2501 uidetur.
1202 2459 1324 2502 Certe
1360 2459 1511 2501 similis
1547 2459 1795 2513 compositio
1826 2459 1870 2501 in
1899 2460 1997 2502 aliis
2033 2460 2125 2502 eius
2161 2458 2309 2513 elegiis
2339 2459 2531 2513 occurrit,
2574 2473 2681 2513 quae

366 2527 411 2570 in
442 2541 495 2570 ea
523 2526 664 2582 posita
694 2531 776 2581 est,
820 2531 866 2568 ut
896 2539 1068 2569 carmen
1097 2526 1282 2569 diuisum
1312 2526 1367 2569 sit
1401 2526 1446 2568 in
1476 2526 1645 2581 singula
1682 2527 1869 2569 membra
1900 2527 2137 2582 complures
2167 2539 2314 2568 uersus
2345 2526 2679 2581 complectentia,

365 2608 476 2649 quae
513 2608 598 2637 non
645 2593 784 2636 solum
820 2608 896 2649 per
932 2595 1172 2648 argumenti
1213 2594 1514 2649 proprietatem
1550 2594 1678 2636 facile
1719 2595 2078 2648 internoscantur,
2122 2593 2198 2636 sed
2233 2593 2362 2635 etiam
2397 2593 2604 2636 interdum
2641 2600 2681 2637 et

367 2667 617 2717 argumento
644 2666 685 2704 et
710 2675 909 2704 uersuum
934 2675 1108 2705 numero
1133 2662 1242 2704 inter
1266 2676 1311 2705 se
1336 2662 1629 2717 respondeant.
1679 2662 1762 2705 Cfr.
1795 2677 1903 2716 quae
1928 2662 2058 2705 Frid.
2090 2660 2402 2705 Ritschelius
2433 2660 2485 2705 dc
2509 2667 2682 2715 quartae

368 2730 495 2786 primi
527 2730 625 2773 libri
655 2729 819 2784 elegiae
850 2729 1153 2785 compositione
1191 2729 1426 2786 disputauit
1456 2736 1537 2774 act.
1570 2731 1712 2775 societ.
1744 2731 1867 2774 litter.
1900 2731 2056 2774 Saxon.
2087 2735 2185 2774 tom.
2211 2729 2354 2771 XVIII
2384 2742 2421 2771 a.
2450 2729 2558 2772 1866
2583 2730 2680 2774 edit.

371 2814 469 2855 pag.
503 2799 558 2842 72
587 2811 678 2852 sqq.

572 2867 735 2909 Harum
763 2866 927 2922 primae
956 2867 1121 2922 elegiae
1146 2867 1342 2923 partium,
1368 2881 1475 2922 quas
1499 2867 1624 2911 modo
1649 2867 1939 2921 discreuimus,
1970 2868 2153 2924 priorem
2178 2865 2382 2908 dissoluto
2408 2865 2681 2908 distichorum

366 2937 516 2980 ordine
546 2936 749 2978 traditam
779 2935 959 2989 ideoque
989 2936 1318 2991 transpositione
1354 2935 1664 2980 emendandam
1706 2951 1799 2980 esse
1836 2936 2176 2980 doctissimorum
2218 2934 2404 2976 uirorum
2433 2934 2681 2977 auctoritate

370 3010 586 3061 permotus
623 3017 699 3059 pro
736 3009 850 3046 certo
880 3004 1035 3057 habeo,
1078 3018 1322 3058 quanquam
1363 3004 1415 3047 de
1446 3004 1541 3060 ipsa
1570 3005 1642 3048 uia
1671 3004 1925 3048 emendandi
1954 3004 2113 3047 nemini
2147 3015 2291 3046 eorum
2320 3001 2537 3044 assentior.
2598 3002 2683 3045 Sed

366 3074 618 3128 priusquam
648 3071 705 3113 ad
735 3071 846 3113 hanc
876 3071 1159 3115 difficiliorem
1190 3072 1411 3115 ueniamus
1442 3087 1548 3126 rem,
1592 3087 1730 3128 pauca
1766 3073 1818 3116 de
1849 3074 1971 3116 tertio
2007 3071 2190 3115 disticho
2227 3069 2423 3122 monebo,
2466 3069 2577 3123 quod
2607 3084 2682 3114 suo

369 3141 464 3182 loco
496 3153 618 3182 nemo
649 3139 793 3181 mouit.

1059 3213 1125 3250 Me
1159 3225 1237 3250 mea
1261 3219 1463 3262 paupertas
1491 3214 1566 3251 uita
1590 3210 1670 3261 (ae)
1700 3214 1872 3251 traducat
1898 3215 2002 3251 inerti

368 3310 428 3351 ita
460 3314 707 3351 conuertunt
737 3308 1028 3351 Dresselius
1065 3308 1352 3364 (programma
1382 3323 1525 3364 gymn.
1556 3310 1856 3365 Guelpherbyt.
1888 3324 1925 3352 a.
1962 3310 2070 3352 1842
2100 3307 2202 3360 cd.):

858 3415 938 3453 Μὶν
966 3416 1033 3453 soll
1058 3415 1163 3452 Ruhe
1193 3416 1256 3453 dec
1285 3416 1427 3453 Lebens
1456 3417 1606 3453 verleihn
1637 3419 1727 3453 mein
1758 3417 1948 3454 drmlicher
1976 3414 2210 3455 Hau-mand,-
2289 3454 2290 3460 ¹

3012 1628 3028 1652 νε

3018 1712 3023 1724 «

3011 1850 3027 1949 Ξ

3006 1971 3023 2017 ἐ·

3011 2999 3016 3002 “
3017 2988 3020 2990 ⁴
3009 2766 3035 2979 mmuh-RQ:
3020 2662 3039 2761 ,κη-..ΓΑ
