3043 3838
1377 178 1405 220 5

236 322 385 376 solum,
411 319 487 364 sed
510 314 695 374 peruerti
714 314 843 357 etiam
855 314 1006 357 Haasii
1030 314 1314 357 coniecturam
1338 328 1461 357 nemo
1485 314 1643 358 infitias
1662 314 1752 357 ibit.
1789 314 1929 358 Unum
1947 318 2090 367 restat,
2115 313 2169 356 de
2187 326 2271 367 quo
2291 312 2544 367 dubitemus,

237 390 331 445 quis
361 390 416 434 sit
445 387 550 432 deus
580 384 652 428 ille
682 381 884 438 agricola.
945 381 1160 437 Siluanus,
1190 382 1328 438 inquit
1355 382 1477 426 Ribb.
1537 382 1650 426 Nam
1678 381 2020 437 antiquissimum
2061 381 2174 425 hunc
2214 394 2267 425 ac
2296 381 2545 437 popularem

238 471 434 502 aruorum
463 452 712 511 pecorisque
742 450 867 493 deum
896 464 924 492 a
947 450 1100 492 Latino
1130 449 1321 505 agricola
1349 450 1465 493 nullo
1495 451 1666 506 neglegi
1696 451 1763 494 fas
1793 455 1895 493 erat.
1955 451 2011 493 At
2040 451 2223 505 neglecti
2251 454 2350 492 sunt
2373 449 2545 491 Faunus

240 530 282 569 ct
311 525 439 568 Liber
478 525 622 578 pater,
665 518 738 572 qui
779 517 831 560 de
872 518 1125 572 antiquitate
1166 518 1396 574 populique
1436 519 1576 572 gratia
1616 532 1713 561 cum
1743 519 1920 560 Siluano
1962 523 2172 560 certantes
2201 532 2286 560 non
2316 530 2465 559 uereor
2493 531 2546 559 ne

237 594 341 637 uicti
370 590 579 636 recedant.
638 587 792 653 Nullus
821 600 845 629 e
875 586 956 629 diis
986 586 1225 641 agrestibus
1254 586 1456 630 Romanis
1486 601 1582 630 eum
1612 587 1830 630 obtinebat
1859 586 2143 642 principatum
2157 620 2167 640 ,
2206 590 2252 628 ut
2282 590 2323 628 et
2353 582 2545 627 debuerit

237 661 444 718 appellari
467 674 493 701 a
517 661 644 713 poeta
667 655 830 709 aliquot
853 668 997 697 eorum
1022 654 1248 698 inuocante
1272 659 1314 699 et
1337 655 1521 709 potuerit
1544 655 1650 700 satis
1674 655 1890 711 designari
1914 655 2005 699 solo
2029 654 2244 710 agricolae
2268 653 2339 698 dei
2362 652 2544 697 nomine.

236 732 329 774 Hoc
358 742 434 785 pro
464 729 576 769 certo
606 722 771 777 tenebo,
803 721 937 766 donec
961 722 1117 765 retuter
1145 723 1351 777 exemplo.
1400 724 1490 767 Nec
1520 729 1597 778 est,
1623 737 1699 767 cur
1722 728 1882 767 certum
1906 723 1986 766 hoc
2010 723 2103 766 loco
2127 722 2254 765 deum
2277 734 2545 777 quaeramus.

236 800 370 842 Immo
398 795 572 839 deorum
601 790 695 846 agri
726 790 915 834 cultura-e
955 790 1197 846 praesidum
1238 795 1372 834 totum
1411 804 1545 847 genus
1585 791 1775 848 generali
1815 791 1985 835 nomine
2026 796 2068 834 et
2097 791 2166 834 hic
2207 795 2249 834 et
2278 791 2317 845 ὃ,
2347 791 2401 834 27
2432 802 2545 832 00111-

237 863 519 922 prehenditur,
549 864 596 903 ut
619 859 707 902 iam
731 859 922 914 Vulpius,
954 858 1158 915 Hcynius,
1189 859 1531 903 Wunderlichius
1555 865 1787 915 senserunt,
1817 865 1945 915 atquc
1969 860 2061 916 ipsc
2086 860 2272 903 Haasius
2300 859 2392 902 fieri
2420 870 2546 913 posse

239 935 320 977 1100
348 930 528 975 -1101111110
569 927 778 971 concessit
819 927 985 970 collatis
1026 927 1173 983 etiam,
1216 928 1289 971 ubi
1330 927 1399 971 dei
1434 928 1504 971 uel
1534 928 1706 971 caelites
1736 929 1951 985 agricolae
1976 932 2373 982 commemorantur,
2416 926 2542 969 locis:

240 1002 333 1045 Tib.
359 1001 413 1055 Π,
441 999 477 1053 1,
502 998 576 1050 36;
609 995 732 1039 Ouid.
764 995 862 1038 Met.
888 995 1003 1049 VIII,
1034 996 1136 1050 2763
1168 995 1220 1038 (10
1255 1009 1362 1039 111100
1392 998 1431 1051 9,
1463 997 1616 1051 quibus
1645 997 1737 1052 ipse
1761 996 1872 1040 addo
1897 1001 2069 1052 propter
2099 996 2277 1039 eandem
2314 993 2545 1050 singularis

237 1067 400 1113 numeri
441 1077 563 1108 usum
593 1062 716 1106 Ouid.
748 1063 845 1106 Met.
876 1062 992 1116 VIII,
1036 1063 1117 1105 786
1159 1071 1318 1105 montani
1342 1070 1495 1106 numinis
1523 1082 1633 1107 unam
1662 1071 1855 1119 compellat.
1912 1065 2023 1107 Nam
2065 1064 2179 1118 quod
2219 1078 2348 1106 unum
2390 1063 2545 1114 obstat,

237 1136 460 1192 quominus
504 1133 548 1175 in
578 1131 660 1174 hac
690 1130 1004 1186 simplicissima
1034 1130 1197 1178 ratione
1226 1131 1569 1186 acquiescamus,
1601 1139 1705 1186 pomi
1742 1132 2018 1175 libamentum
2058 1133 2325 1187 potissimum
2366 1132 2547 1174 electum

237 1219 341 1258 esse,
371 1202 416 1246 id
439 1199 702 1245 obstaculum
727 1199 774 1241 L.
801 1199 1002 1242 Mullerus
1026 1199 1222 1253 quamuis
1247 1199 1404 1243 inuitus
1426 1225 1480 1230 —
1504 1214 1603 1242 nam
1627 1200 1832 1243 Haasium
1858 1206 2027 1244 secutus
2051 1206 2116 1243 est
2141 1226 2194 1230 -
2220 1201 2341 1243 nobis
2367 1199 2546 1243 remouit

238 1271 453 1318 leuissima
493 1272 534 1312 et
576 1266 824 1310 felicissima
865 1265 1098 1310 mutatione
1133 1280 1209 1322 pro
1240 1267 1447 1323 singulari
1475 1273 1518 1311 et
1547 1281 1631 1311 non
1661 1268 1856 1311 omnibus
1898 1268 1990 1311 deis
2020 1268 2296 1311 accomodato
2339 1267 2547 1310 sacrificio

239 1340 509 1391 substituens,
547 1336 661 1391 quod
690 1335 833 1378 omnia
862 1335 1072 1378 sacrificia
1101 1336 1259 1379 rustica
1300 1336 1611 1391 complectitur,
1654 1342 1797 1380 donum.
1863 1338 1954 1380 Hoc
1996 1342 2164 1393 recepto
2208 1351 2336 1392 quam
2377 1336 2548 1392 egregie

239 1408 382 1452 omnia
411 1407 520 1449 inter
549 1419 595 1448 se
619 1404 874 1448 cohaereant
898 1408 940 1447 et
963 1404 1206 1459 procedant,
1237 1404 1274 1447 si
1298 1405 1450 1459 placet,
1482 1418 1593 1448 nunc
1613 1405 1846 1448 uideamus.
1896 1406 2048 1460 Sperat-
2072 1411 2198 1460 poeta
2223 1406 2366 1461 largas
2390 1418 2549 1447 messes

240 1479 297 1533 (9.
332 1478 384 1520 10
428 1491 491 1517 nec
525 1490 605 1529 spes
641 1478 804 1516 destituat
826 1472 918 1527 -);
977 1472 1116 1527 posita
1157 1477 1221 1515 est
1262 1486 1359 1527 spes
1402 1473 1493 1516 eius
1535 1473 1579 1515 in
1621 1473 1824 1527 religione
1865 1479 1907 1515 ct
1960 1474 2033 1528 pia
2074 1473 2247 1515 deorum
2291 1472 2548 1524 reuerentia,

239 1559 367 1600 quam
395 1543 595 1600 pietatem
624 1540 806 1597 primum
835 1540 1069 1597 generatim
1098 1540 1221 1596 quasi
1249 1545 1427 1584 testatur
1455 1540 1620 1584 duobus
1650 1540 1856 1596 distichis,
1899 1555 2075 1596 quorum
2111 1541 2243 1584 altero
2280 1540 2474 1584 uenerari
2504 1553 2549 1583 se

242 1614 342 1658 deos
365 1611 593 1669 profitetur,
619 1610 815 1665 quamuis
839 1609 933 1652 rudi
957 1609 1194 1664 simulacro,
1220 1610 1415 1664 quamuis
1439 1611 1616 1665 profano
1634 1611 1728 1652 1000
1740 1612 2085 1666 ‚repraesentatos
2106 1611 2262 1665 (11.12
2280 1615 2378 1651 Nam
2392 1626 2551 1659 ueneror,

239 1699 300 1723 seu
331 1680 413 1735 ——),
444 1679 577 1722 altero
608 1678 847 1721 sacrificare
877 1677 930 1719 iis
960 1690 1036 1719 suo
1067 1677 1218 1730 cuique
1247 1682 1446 1732 tempore,
1489 1692 1566 1720 suo
1602 1678 1713 1720 dono
1755 1679 1890 1720 solere
1927 1693 1971 1720 se
2002 1678 2222 1720 confirmat
2264 1678 2347 1732 (13.
2390 1684 2451 1719 14.
2498 1682 2551 1718 Et

240 1753 481 1805 quodcumque
509 1751 595 1789 milti
623 1745 709 1800 —).
742 1746 851 1788 Tum
882 1744 939 1788 ad
968 1744 1160 1800 singulos
1183 1758 1229 1788 sc
1255 1745 1461 1788 conuertit
1485 1746 1818 1800 nominatimque
1842 1746 2097 1789 enumeratis
2123 1746 2348 1789 sollemnia
2372 1758 2546 1788 munera

240 1817 463 1874 pollicetur
493 1816 638 1871 (Flaua
672 1819 788 1866 Ceres,
810 1819 878 1873 'tibi
903 1821 947 1857 sit
976 1813 1061 1868 —).

447 1884 549 1927 Dixi
578 1884 631 1927 de
660 1896 746 1925 una
769 1883 920 1925 Haasii
948 1882 1207 1935 traiectione,
1240 1896 1314 1925 cur
1336 1883 1447 1925 falsa
1476 1897 1567 1926 esse
1592 1883 1696 1925 mihi
1718 1876 1931 1926 uideretur
1954 1898 2113 1937 suoque
2137 1885 2230 1927 loco
2255 1883 2552 1937 relinquendos

242 1952 437 1996 ducerem
479 1963 626 1995 uersus
660 1952 723 1994 13.
759 1951 830 1993 14:
873 1962 984 1992 nunc
1020 1948 1123 2004 quid
1152 1949 1205 1992 de
1235 1950 1370 1993 altera
1399 1950 1582 1993 iudicem
1617 1952 1818 2006 aperiam.
1877 1952 1940 1993 Ac
1982 1952 2257 2006 sagacissime
2298 1952 2469 2006 quidem
2511 1956 2553 1992 et

244 2021 461 2065 uerissime
485 2020 591 2063 illud
614 2019 776 2063 inuenit
799 2019 865 2062 uir
888 2018 1116 2061 acerrimus
1140 2032 1218 2062 nec
1242 2032 1351 2073 quae
1376 2033 1544 2063 uersum
1568 2021 1595 2062 6
1618 2020 1747 2075 uulgo
1772 2020 2125 2074 subsequerentur
2148 2033 2243 2063 cum
2268 2020 2554 2076 superioribus

243 2089 460 2132 sententiis
500 2089 587 2131 ullo
629 2087 754 2130 modo
796 2087 1035 2141 concinere,
1080 2092 1121 2129 et
1162 2092 1258 2141 post
1299 2101 1338 2129 u.
1382 2089 1438 2130 34
1478 2088 1729 2143 interposita
1769 2102 1862 2131 esse
1901 2089 2122 2140 nonnulla,
2180 2089 2333 2142 quibus
2375 2103 2440 2131 res
2471 2102 2556 2131 non

242 2157 499 2210 separandas
540 2156 803 2210 ineptissime
843 2159 1182 2208 segregarentur3
1224 2160 1372 2196 contra
1402 2155 1577 2197 reducta
1607 2156 1662 2197 ab
1692 2156 1772 2197 1100
1809 2157 1901 2198 1000
1931 2156 2076 2208 aliqua
2107 2162 2226 2209 parte
2268 2157 2468 2199 carminis
2510 2157 2554 2198 in

242 2225 362 2265 illum
393 2229 433 2267 et
463 2224 551 2265 illic
581 2223 743 2278 expleri
771 2222 959 2265 hiantem
989 2226 1030 2264 et
1060 2221 1341 2265 disturbatam
1371 2222 1573 2277 coniungi
1603 2221 1672 2265 hic
1702 2222 1946 2266 orationem.
2007 2222 2163 2266 Verum
2187 2223 2401 2267 enimuero
2432 2224 2555 2279 quasi

243 2292 405 2335 medico
436 2293 475 2335 01
505 2292 713 2335 accidisse
744 2290 922 2343 uidetur,
953 2295 998 2333 ut
1028 2289 1224 2344 diagnosi
1252 2294 1365 2334 recte
1393 2290 1509 2333 facta
1537 2290 1582 2333 in
1607 2290 1701 2346 ipsa
1730 2290 1917 2334 sectione
1947 2291 2151 2347 scalpello
2195 2292 2421 2336 aberraret.
2482 2293 2553 2335 Et-

249 2359 361 2402 enim
390 2374 518 2414 quum
547 2359 781 2403 exsecuerit
810 2372 850 2402 u.
881 2359 1050 2402 25—34
1078 2371 1234 2412 cosque
1263 2358 1486 2401 inseruerit
1525 2359 1634 2401 inter
1663 2372 1702 2401 u.
1734 2360 1761 2401 6
1791 2364 1833 2401 et
1864 2360 1902 2413 7,
1944 2365 1991 2402 ut
2032 2360 2204 2403 minime
2246 2360 2410 2415 dubito,
2454 2360 2555 2415 quin

244 2440 390 2470 uerum
432 2427 734 2471 sententiarum
775 2426 964 2470 ordinem
1006 2431 1101 2482 post
1131 2439 1299 2469 uersum
1330 2429 1356 2469 6
1386 2426 1631 2482 restituerit,
1673 2427 1734 2469 ita
1776 2441 1925 2470 uereor
1965 2442 2018 2470 ne
2062 2428 2167 2471 satis
2209 2428 2316 2471 bene
2359 2443 2441 2471 non
2471 2428 2556 2471 sint

244 2495 465 2551 compositi
494 2496 604 2539 inter
633 2509 678 2539 se
708 2509 786 2539 nec
816 2508 854 2538 u.
886 2496 942 2538 34
973 2500 1013 2538 et
1046 2497 1083 2549 7,
1115 2508 1193 2538 1100
1223 2508 1262 2538 u.
1295 2495 1351 2538 24
1381 2500 1422 2538 et
1451 2495 1518 2538 35.
1579 2495 1698 2547 Quae
1727 2509 1767 2538 u.
1803 2497 1969 2539 19—24
2000 2497 2197 2552 legimus:

880 2603 949 2640 Vos
978 2615 1114 2653 quoque
1139 2602 1258 2650 felicis
1287 2602 1479 2650 quondam,
1514 2616 1607 2641 nunc
1637 2605 1811 2653 pauperis
1847 2606 1932 2653 ayri

938 2669 1121 2715 Custodes,
1145 2671 1250 2717 fertis
1277 2682 1426 2707 munera
1454 2676 1586 2716 uestra,
1616 2671 1749 2708 Lares.

878 2737 981 2774 Tunc
1009 2738 1121 2774 uitula
1149 2739 1350 2774 innumeros
1378 2738 1552 2773 lustrabat
1581 2750 1688 2774 caesa
1718 2741 1901 2775 iuuencos.-

924 2804 1034 2841 szc
1064 2816 1163 2853 aqna
1192 2806 1314 2853 miqui
1340 2811 1390 2841 est
1418 2806 1531 2841 hostia
1555 2817 1679 2855 parua
1707 2807 1782 2841 soli.

873 2872 981 2920 Aqua
1013 2872 1118 2908 cadet
1145 2871 1256 2907 uobis.
1286 2883 1394 2920 quam
1425 2873 1558 2908 circum
1587 2874 1721 2908 rustica
1746 2873 1859 2921 pubes

935 2938 1070 2975 Clamet
1093 2941 1150 2984 „io
1179 2930 1307 2975 inesses
1335 2945 1368 2975 et
1396 2939 1489 2975 bona
1517 2941 1604 2976 uina
1634 2937 1751 2985 date“,

250 3026 356 3068 haec
388 3025 445 3067 ad
472 3026 749 3069 Ambarualia
778 3024 996 3069 referenda
1027 3038 1119 3067 esse
1149 3024 1257 3067 inter
1280 3025 1392 3068 uiros
1417 3025 1563 3068 doctos
1588 3027 1795 3080 conuenit,
1827 3027 2147 3081 confirmarique
2178 3029 2285 3071 solet
2315 3043 2380 3072 res
2406 3030 2560 3072 collato

248 3093 341 3135 libr.
374 3093 428 3134 II.
460 3094 621 3148 primae
663 3096 769 3151 eleg.
802 3094 941 3148 initio,
986 3093 1168 3135 maxime
1198 3106 1237 3134 ll.
1272 3093 1324 3135 15
1354 3100 1498 3143 cemite,
1529 3100 1704 3147 fulyentess
1733 3105 1770 3136 ut
1798 3105 1857 3136 eat
1884 3113 1987 3137 sacer
2016 3114 2130 3149 agnus
2166 3103 2221 3138 ad
2247 3115 2334 3138 aras
2363 3103 2404 3140 et
2435 3112 2473 3140 u.
2510 3100 2560 3140 17

252 3166 293 3201 cli
314 3167 446 3216 patrii,
472 3161 674 3217 purqavms
704 3180 823 3217 ayros.
881 3164 1020 3217 Atque
1050 3162 1140 3204 siue
1182 3175 1327 3204 uerum
1361 3161 1441 3203 hoc
1476 3166 1557 3215 est,
1599 3161 1645 3204 id
1678 3162 1792 3215 quod
1833 3176 1912 3217 ego
1948 3169 2063 3218 puto,
2106 3165 2199 3207 siue
2234 3165 2411 3219 falsum,
2455 3166 2563 3208 illud

254 3227 425 3282 quidem
455 3234 518 3272 est
548 3231 827 3286 uerissimum,
860 3245 964 3286 quos
995 3230 1138 3274 statim
1168 3230 1288 3284 sequi
1316 3230 1439 3274 iussit
1468 3230 1654 3274 Haasius
1683 3244 1831 3275 uersus
1860 3233 1928 3287 35,
1960 3234 2015 3275 36

911 3327 984 3365 Hic
1013 3340 1077 3375 esJo
1100 3333 1348 3375 pastoremque
1377 3339 1491 3363 meum
1521 3328 1672 3364 lustrare
1699 3330 1886 3376 quotannis

964 3395 1017 3433 Et
1039 3395 1226 3443 placidam
1249 3395 1340 3432 soleo
1369 3406 1540 3444 sparqere
1568 3395 1659 3432 lacte
1687 3395 1828 3442 Palem,
