3043 3838
1516 225 1568 267 18

377 373 483 417 atque
523 368 566 404 id
598 369 633 404 in
669 368 810 415 vulqus.
868 360 953 404 Cfr.
986 361 1018 413 I,
1052 362 1118 412 18,
1151 360 1207 403 34
1247 366 1329 413 ipsa
1357 376 1436 401 sore
1466 365 1722 401 contemnenda
1756 377 1826 402 nen
1856 371 1922 409 est,
1970 368 2006 403 εἰ
2031 372 2063 403 et
2091 371 2336 408 auctoritatem
2370 372 2474 410 babet
2503 376 2697 420 uetustatis,

376 442 416 474 ut
444 447 506 473 eae
534 441 617 472 sunt
643 440 766 474 sortes.
796 445 888 484 quas
916 446 937 471 e
963 440 1062 471 terra
1096 433 1213 471 editas
1247 434 1463 482 acecpimus.
1521 426 1690 478 Quanto
1732 432 1872 471 autem
1914 428 1959 470 in
2003 429 2160 473 honore
2201 431 2357 477 fuerint
2397 435 2695 480 Praenestinae

377 503 512 542 sortes
542 497 673 540 etiam
703 496 840 553 primo
870 510 910 552 p.
942 495 1038 539 Chr.
1070 510 1111 538 n.
1143 494 1328 548 saeculo,
1360 495 1498 537 elucet
1528 507 1551 537 e
1582 494 1697 538 Suet.
1729 496 1822 538 Tib.
1855 497 1909 538 63
1978 501 2102 538 meina
2131 503 2215 541 urbi
2239 509 2389 545 oracula
2417 510 2521 546 etiam
2552 509 2699 546 disicere

381 577 527 609 conatu-s
558 577 626 608 est.-
653 570 720 607 sed
747 572 929 608 maiestate
956 568 1275 606 Praenestinarum
1303 569 1450 604 sortium
1479 568 1625 604 territus
1654 568 1791 614 destitit,
1820 581 1928 617 quum
1958 568 2164 618 obsiffizatas
2193 571 2605 624 deuectasque'Romam
2629 589 2697 613 mm

382 641 570 689 reperisset
598 640 634 676 in
665 651 773 683 arca.
820 638 890 674 nisi
916 637 1029 673 relata
1058 648 1184 672 rur-rus
1224 634 1278 671 acl
1309 635 1488 684 templum.
1546 631 1703 674 Domit.
1739 631 1790 673 15
1847 635 2087 674 Praenestina
2116 637 2285 678 Fortuna
2319 648 2388 680 3020
2418 645 2557 693 impedi
2581 646 2696 694 span-0

381 720 516 744 armum
544 718 678 743 nouum
708 704 968 743 commendanti
993 705 1124 740 laetam
1154 703 1373 751 eandemque
1405 715 1546 753 semper
1579 709 1708 740 sortem
1744 704 1833 741 dare
1868 710 2028 748 assueta,
2069 711 2224 743 extremo
2264 710 2500 749 trisassfflmam
2539 711 2696 749 reddidit

377 787 441 812 nec
469 776 546 812 sine
572 775 758 823 aanqm‘nie
786 773 966 810 mentione.
1024 766 1104 809 His
1135 765 1239 809 locis
1269 765 1495 821 exscriptis
1526 765 1599 809 uix
1629 771 1693 810 est
1723 765 1836 821 quod
1865 766 2065 811 adiciam.
2124 768 2347 815 Neminem
2381 773 2513 818 fuisse
2543 775 2692 818 Roma-

376 852 476 881 num
506 837 701 890 arbitror,
732 836 800 878 cui
830 834 988 890 legenti
1017 852 1148 876 sacras
1165 840 1274 888 pueri
1294 846 1405 877 sortes
1435 849 1519 878 non
1543 835 1686 878 statim
1710 835 1753 878 in
1778 841 1960 879 mentem
1985 837 2149 880 uenerit
2172 837 2543 885 Praenestinarum
2574 842 2695 885 unicc

375 911 476 949 tunc
506 906 712 948 nobilium
743 903 931 956 sortium,
963 902 1127 946 uenerit
1156 902 1272 946 Iouis
1302 903 1501 946 lactentis
1530 903 1650 958 pueri
1675 903 1924 958 cognomine
1955 903 2148 959 insignis,
2180 908 2343 953 uenerit
2372 909 2553 966 denique
2577 911 2694 965 pueri

376 978 511 1017 sortes
541 972 740 1025 tollentis,
772 984 878 1025 quos
907 970 1056 1013 ambos
1086 984 1171 1012 uno
1201 970 1410 1013 uocabulo
1441 970 1580 1026 lepide
1615 970 1856 1025 designavit
1886 976 2025 1024 poeta.
2085 971 2209 1023 Quod
2238 974 2275 1016 si
2299 989 2444 1019 verum
2474 992 2566 1021 esse
2598 992 2692 1021 con-

378 1042 568 1094 cesseris,
599 1046 646 1083 ut
674 1040 763 1082 fore
789 1052 926 1094 spero,
958 1037 1072 1081 idem
1096 1052 1262 1081 mecum
1288 1042 1596 1094 pentametrum
1621 1044 1864 1095 corruptum
1887 1053 1979 1082 esse
2004 1039 2222 1084 clamabis.
2283 1043 2502 1089 Muretus
2527 1046 2693 1102 quidem

375 1110 435 1151 ita
465 1122 620 1151 sanare
651 1106 734 1149 sibi
765 1107 884 1149 uisus
913 1111 979 1149 est
1009 1107 1167 1149 locum:
1199 1111 1345 1149 Rettulit
1373 1124 1392 1148 e
1418 1112 1549 1149 trinis
1576 1113 1696 1149 omina
1725 1118 1822 1150 certa
1839 1125 1942 1161 puer.
1989 1108 2215 1163 Ingeniosa
2245 1111 2433 1164 profecto
2459 1119 2694 1157 correctura

374 1180 417 1220 et
448 1188 576 1231 quam
607 1172 716 1218 adeo
752 1186 962 1229 nequeam
998 1173 1176 1217 certiore
1218 1173 1491 1227 submouere,
1535 1177 1580 1216 ut
1621 1173 1827 1217 submisse
1869 1178 2031 1217 tantum
2074 1179 2115 1218 et
2156 1175 2363 1231 pudenter
2403 1179 2509 1223 illud
2550 1186 2693 1225 contra

373 1243 516 1286 dicere
545 1242 741 1292 audeam,
774 1243 906 1284 latere
936 1242 1117 1284 fortasse
1147 1241 1349 1284 mendoso
1380 1242 1472 1283 loco
1504 1242 1542 1295 (e
1568 1241 1702 1295 trizaeiis)
1733 1243 1999 1295 uocabulum,
2030 1255 2114 1297 quo
2143 1243 2385 1288 distinctius
2416 1248 2543 1290 etiam
2568 1250 2691 1292 Prae-

374 1313 566 1354 nestinus
597 1312 803 1353 sortiendi
832 1311 938 1352 ritus
969 1310 1202 1362 denotetur,
1235 1316 1280 1351 ut
1309 1327 1328 1350 e
1357 1316 1491 1351 cistis.
1549 1310 1658 1350 Nam
1689 1324 1834 1351 arcam
1865 1312 2024 1365 ipsam,
2060 1325 2144 1363 quo
2175 1313 2371 1356 conditae
2400 1323 2518 1358 erant
2549 1323 2691 1371 sortes,

377 1393 535 1433 magna
565 1378 771 1431 religione
805 1377 937 1420 fuisse
979 1382 1021 1419 ot
1052 1390 1180 1430 supra
1220 1377 1401 1431 legimus
1442 1381 1486 1419 et
1514 1377 1753 1419 uotiuarum
1794 1377 1839 1419 in
1869 1377 1942 1420 illo
1973 1378 2130 1433 templo
2164 1392 2358 1423 arcarum
2389 1395 2467 1425 usu
2510 1384 2580 1436 (de
2611 1398 2691 1438 quo

373 1448 447 1489 cfr.
480 1446 698 1489 Prelleri
729 1445 904 1500 mythol.
937 1445 1113 1487 Roman.
1146 1459 1185 1498 p.
1218 1444 1301 1486 563
1332 1443 1397 1486 ed.
1430 1443 1490 1497 ΙΙ)
1533 1442 1821 1498 confirmatum
1879 1444 2078 1487 cistarum
2118 1451 2260 1488 autem
2302 1462 2454 1491 nomen
2490 1451 2599 1493 arcis
2630 1466 2689 1493 rc-

372 1513 537 1568 ligiosis
567 1512 636 1555 uel
666 1511 859 1568 mysticis
891 1511 1051 1566 imponi
1081 1510 1216 1554 solere
1248 1510 1533 1564 notissimum3
1564 1525 1641 1554 nec
1672 1511 1811 1555 minus
1843 1516 1987 1555 notum
2018 1512 2225 1568 pluralem
2256 1528 2473 1559 numerum
2504 1531 2531 1560 a
2556 1519 2690 1572 poetis

373 1580 589 1634 Romanis,
620 1579 694 1622 ubi
724 1592 860 1623 sermo
891 1584 955 1621 est
985 1577 1037 1621 de
1068 1578 1201 1621 sacris
1232 1578 1356 1622 rebus
1394 1578 1652 1633 deorumque
1688 1578 1822 1634 cultu,
1864 1593 1940 1634 pro
1970 1580 2176 1635 singulari
2206 1583 2454 1637 saepissime
2485 1586 2689 1641 usurpari.

983 1738 1046 1781 17.
1108 1740 1179 1781 Aut
1208 1755 1273 1791 eqo
1301 1756 1380 1780 sum
1411 1747 1580 1780 causatus
1609 1756 1694 1781 aues
1723 1749 1786 1781 aut
1814 1744 1932 1781 omina
1963 1743 2044 1781 dira

1166 1811 1360 1849 Saturniae
1387 1824 1533 1850 sacram
1562 1824 1618 1849 me
1645 1812 1795 1850 tenuisse
1824 1812 1927 1851 diem.

577 1920 758 1963 Iudaeos
789 1934 1032 1973 quanquam
1057 1920 1131 1962 illo
1157 1925 1344 1975 tempore
1369 1921 1528 1963 Romae
1554 1934 1753 1974 magnum
1779 1921 2083 1976 proselytorum
2108 1934 2326 1964 numerum
2351 1925 2502 1966 fecisse
2527 1938 2687 1967 eorum-

370 2003 452 2043 que
483 1988 588 2031 ritus
619 1993 661 2031 et
692 1988 972 2031 caerimonias
1003 1988 1063 2031 ita
1094 1988 1137 2030 in
1169 1988 1271 2030 urbe
1303 1987 1615 2044 percrebruisse
1646 1992 1687 2030 et
1718 1988 1948 2032 inualuisse
1978 1994 2155 2041 constat,
2187 1995 2233 2032 ut
2263 1990 2384 2033 multi
2409 1991 2687 2034 Sabbatorum

371 2058 509 2112 legem
538 2056 738 2111 religiose
767 2056 1054 2108 obseruarent,
1085 2055 1278 2098 nonnulli
1308 2055 1437 2098 etiam
1462 2055 1618 2097 tributa
1649 2059 1691 2097 et
1715 2055 1846 2111 stipes
1871 2056 2168 2112 Hierosolyma
2196 2057 2239 2099 in
2264 2058 2473 2100 aerarium
2498 2067 2687 2102 sanctum

370 2125 621 2178 conferrent,
653 2128 795 2167 tamen
825 2136 935 2178 quae
964 2123 1018 2166 de
1048 2123 1129 2166 hac
1160 2137 1203 2166 re
1233 2123 1429 2167 Tibullus
1466 2122 1544 2165 hoc
1581 2122 1673 2166 loco
1710 2123 1895 2179 proferre
1932 2123 2110 2179 uidetur,
2153 2124 2272 2167 dubii
2301 2125 2504 2180 quiddam
2533 2126 2689 2170 habent

369 2198 410 2238 et
441 2192 620 2237 mirifici.
681 2192 868 2235 Primum
905 2189 1018 2236 enim
1053 2204 1181 2246 quum
1217 2191 1322 2235 alibi
1358 2190 1578 2246 antiquam
1622 2191 1664 2233 in
1701 2191 1792 2234 deis
1828 2191 2016 2235 colendis
2053 2192 2178 2235 fidem
2214 2198 2255 2235 et
2292 2206 2450 2235 morem
2488 2193 2686 2249 declarat,

369 2267 458 2305 tum
488 2262 533 2304 in
565 2261 644 2303 hoc
676 2261 861 2303 carmine
893 2260 1048 2303 diserte
1078 2265 1119 2302 et
1149 2260 1373 2303 manifesto
1406 2260 1556 2303 Deliae
1586 2259 1762 2314 Isidem,
1800 2260 2084 2303 aduenticiam
2114 2260 2251 2313 deam,
2283 2262 2502 2304 ueneranti
2531 2263 2686 2318 patrio-

369 2343 461 2373 rum
491 2329 744 2385 publiceque
775 2332 1037 2384 receptorum
1067 2327 1241 2371 deorum
1272 2328 1475 2370 cultorem
1505 2341 1550 2370 se
1582 2327 1721 2383 ipsum
1752 2327 1938 2383 opponit,
1971 2341 2099 2382 quum
2129 2328 2249 2371 dicit:

992 2434 1092 2481 Quid
1119 2441 1195 2473 tua
1224 2447 1317 2473 nunc
1346 2435 1415 2472 Isis·
1444 2435 1545 2479 mihi,
1577 2433 1704 2480 Delia,
1741 2434 1830 2483 qm'd
1857 2434 1942 2472 mihi
1965 2441 2115 2485 prosunt

1053 2505 1127 2542 Illa
1155 2510 1217 2541 tua
1247 2505 1368 2541 totiens
1397 2515 1485 2540 aera
1515 2504 1657 2553 repulsa
1682 2507 1816 2540 manu?

371 2575 412 2613 et

984 2641 1034 2678 At
1062 2640 1148 2677 mihi
1175 2642 1354 2689 contin-qut
1378 2641 1553 2689 patrios
1583 2639 1760 2677 celebrare
1783 2640 1937 2678 Penates

1052 2708 1289 2757 Reddereque
1317 2710 1492 2757 antiquo
1521 2714 1703 2745 menstrua
1732 2713 1814 2745 tura
1845 2708 1952 2747 Lar-i.

575 2805 686 2848 Illud
716 2819 817 2848 uero
848 2805 977 2848 etiam
1008 2805 1193 2859 grauius.
1255 2804 1518 2858 Quicumque
1553 2805 1626 2846 alii
1664 2804 1831 2846 illorum
1868 2808 2099 2861 temporum
2137 2813 2288 2861 poetae
2325 2804 2512 2847 eiusdem
2543 2819 2684 2861 super-

366 2875 549 2918 stitionis
593 2873 844 2930 peregrinae
889 2873 1147 2915 mentionem
1189 2872 1396 2924 fecerunt,
1450 2878 1524 2914 aut
1562 2872 1845 2914 Sabbatorum
1889 2873 2057 2916 nominc
2092 2879 2166 2916 aut
2205 2873 2290 2915 alio
2330 2871 2453 2914 modo
2489 2872 2684 2915 distincte

365 2942 714 2998 peregrinitatem
745 2941 807 2984 rei
843 2940 1171 2993 denotauerunt,
1214 2944 1260 2982 ut
1290 2938 1413 2983 Ouid.
1444 2954 1482 2983 a.
1515 2955 1553 2983 a.
1586 2941 1619 2994 Ι,
1653 2941 1725 2993 76;
1773 2944 1944 2995 Cultaque
1972 2946 2109 2984 Iudaeo
2137 2947 2286 2996 septima
2316 2958 2424 2983 sacra
2455 2944 2567 2992 Syro,-
2600 2942 2684 2984 415

371 3015 523 3065 Quaque
559 3015 616 3053 die
650 3014 808 3061 redeunt,
844 3013 950 3052 rebus
986 3015 1103 3051 minus
1132 3019 1220 3063 apta
1248 3013 1430 3061 uerenda.
1473 3012 1578 3051 Culta
1606 3013 1814 3051 Palaestino
1842 3017 1992 3064 septima
2020 3026 2131 3052 sacra
2160 3014 2275 3064 Syro,-
2310 3007 2463 3053 remed.
2495 3022 2576 3052 am.
2607 3011 2662 3052 22

364 3082 445 3120 Nec
479 3089 513 3120 te
544 3083 739 3132 per-effrena
779 3088 959 3119 morentur
993 3082 1176 3123 Sabbata,-
1229 3077 1373 3119 Horat.
1406 3081 1485 3120 sat.
1518 3077 1550 3129 Ι,
1589 3079 1628 3129 9,
1667 3078 1721 3119 69
1762 3081 1865 3119 hodie
1898 3082 2078 3119 trice-suna
2107 3081 2289 3122 Sabbata,-
2357 3077 2501 3118 quen.
2537 3079 2601 3130 14,
2631 3079 2686 3120 96

371 3149 531 3195 Quidam
569 3151 687 3186 sortiti
724 3155 930 3186 metuentem
960 3148 1123 3187 Sabbata
1160 3154 1322 3198 patr-enm
1380 3145 1496 3188 Pers.
1528 3144 1573 3198 5,
1614 3145 1696 3187 184
1736 3148 1968 3197 Becutitaque
2000 3148 2164 3187 Sabbata
2200 3150 2327 3198 palles.
2383 3144 2499 3187 Haec
2542 3145 2680 3187 ceteri.

366 3211 479 3264 Quid
504 3211 729 3255 Tibullus?
759 3211 896 3255 Prisci
920 3212 1124 3255 Italorum
1155 3217 1197 3256 et
1226 3212 1455 3267 indigenae
1485 3211 1567 3265 dei,
1600 3211 1773 3255 Saturni
1803 3211 1972 3255 nomine
2001 3212 2157 3256 festum
2180 3211 2432 3255 Iudaeorum
2462 3211 2574 3254 diem
2598 3212 2681 3267 sig-

363 3279 522 3323 nificat.
581 3280 649 3323 An
680 3280 793 3335 quod
823 3280 993 3337 septimi
1022 3280 1301 3324 hebdomadis
1332 3280 1417 3324 diei
1454 3281 1656 3323 usitatum
1693 3284 1783 3324 erat
1819 3280 1926 3322 illud
1955 3281 2137 3323 nomen?
2189 3280 2245 3322 At
2274 3279 2577 3335 Aegyptiorum
2608 3280 2682 3322 illa

364 3347 676 3392 hebdomadum
707 3349 815 3392 ratio
846 3353 888 3392 et
918 3348 1149 3405 descriptio
1179 3354 1531 3405 septenorumque
1560 3348 1722 3391 dierum
1753 3363 1780 3392 a
1810 3348 1943 3392 stellis
1973 3347 2212 3391 errantibus
2242 3346 2373 3403 petita
2404 3348 2573 3390 nomina
2603 3349 2681 3391 etsi

362 3421 465 3460 nota
494 3421 594 3460 tunc
624 3422 745 3460 erant
775 3417 991 3471 Romanis,
1026 3421 1168 3460 tamen
1199 3417 1385 3461 nondum
1410 3422 1625 3460 cesserant
1654 3418 1698 3460 in
1722 3430 1985 3461 communem
2014 3431 2149 3461 usum.
2211 3415 2330 3468 Quae
2360 3429 2486 3471 quum
2515 3416 2575 3459 ita
2599 3416 2683 3459 sint
