3043 3838
1508 184 1534 223 9

366 322 516 378 oratio,
548 326 590 365 et
619 318 733 374 quod
762 318 879 374 prius
910 318 1070 362 dictum
1099 322 1180 362 est:
1211 334 1280 360 non
1308 334 1372 372 eqo
1400 322 1550 361 laudam·
1578 335 1679 366 curo.
1715 318 1752 362 si
1781 318 1981 362 adiuncto
2012 317 2209 360 uocatiuo
2238 318 2322 374 ipsi
2351 318 2501 362 Deliae
2530 318 2673 362 statim

364 391 616 446 applicatur,
658 399 741 441 quo
771 387 949 430 consilio
979 386 1139 429 dictum
1176 385 1231 428 sit
1260 386 1410 429 melius
1445 386 1735 441 perspicimus.
1795 387 1944 441 Neque
1972 399 2074 428 uero
2104 386 2329 440 quicquam
2360 387 2504 441 refert,
2547 387 2672 430 raris-

364 459 514 501 simam
543 469 638 500 esse
667 454 782 509 apud
802 455 1018 496 Tibullum
1048 454 1158 496 hanc
1187 454 1422 496 hexametri
1445 467 1683 508 caesuram;
1714 468 1799 508 qua
1822 468 1879 508 re,
1910 454 2133 507 quominus
2157 459 2252 508 post
2281 455 2524 496 uocatiuum
2548 455 2673 497 inter-

364 537 659 582 pungeremus,
689 527 779 565 tum
809 521 977 565 demum
1008 521 1336 577 prohiberemur,
1368 521 1405 565 si
1435 522 1603 565 unicum
1633 522 1713 565 hoe
1743 528 1855 565 esset
1884 522 1975 566 eius
2005 536 2207 565 caesurae
2237 524 2488 578 exemplum.

976 682 1043 722 61.
1103 684 1224 721 Flebis
1252 691 1284 721 et
1311 697 1441 721 arsuro
1463 686 1618 734 positum
1646 697 1712 730 me,
1740 685 1863 728 Delia,
1893 686 1978 722 lecto

1174 750 1212 789 T
1207 752 1347 790 retibus
1376 759 1407 790 et
1434 754 1593 791 lacrimis
1620 753 1742 790 oscula
1771 754 1882 790 miz-ta
1913 752 2026 790 dabis·

571 862 839 905 Dissenius
864 862 1068 918 explicat:
1094 867 1199 916 flebis
1222 874 1253 905 α
1276 880 1342 913 me,
1370 874 1408 906 ut
1430 880 1494 916 eqo
1516 873 1549 904 te
1566 867 1722 903 maz-imo
1740 879 1862 904 amore
1879 867 2087 916 mpla-tor,-
2112 862 2336 905 Dresseli
2346 876 2400 906 us
2425 863 2470 915 (l.
2486 863 2510 905 l.
2526 877 2564 918 p.
2584 862 2674 916 16):

367 946 396 976 et
422 937 519 983 flebis
549 948 603 973 me
630 937 786 984 positum
815 942 847 973 et
875 936 996 973 oscula
1032 935 1146 973 dabie.
1206 931 1379 974 Scilicet
1414 930 1552 974 neutri
1581 940 1613 972 et
1640 930 1852 984 particula
1886 930 1994 972 tanti
2030 943 2122 974 esse
2158 931 2394 983 uidebatur,
2427 937 2472 973 ut
2508 944 2583 986 pro
2608 945 2673 984 eo,

366 1015 490 1056 quem
520 998 693 1053 obtinet,
726 999 820 1043 loco
850 999 1138 1054 respiceretur.
1198 999 1336 1051 Quam
1366 999 1565 1042 iniurIam
1594 1012 1648 1042 ne
1676 998 1867 1053 imiteris,
1899 999 1961 1042 sic
1991 1012 2171 1054 expone:
2215 1000 2356 1046 Etiam
2386 1013 2533 1043 arsuro
2564 1000 2675 1043 lecto

367 1069 550 1124 positum
593 1080 661 1109 me
700 1067 842 1121 flebis,
884 1068 924 1109 11.
956 1081 992 1110 e.
1024 1068 1153 1110 etiam
1189 1073 1296 1121 tum,
1340 1080 1469 1122 quum
1499 1068 1542 1109 in
1573 1068 1683 1109 lecto
1712 1067 1877 1108 funebri
1907 1067 2071 1121 positus
2100 1080 2184 1108 ero.
2244 1067 2390 1109 Dices:
2434 1068 2565 1121 quid?
2601 1068 2675 1122 qui

366 1136 551 1179 nondum
581 1135 634 1177 de
662 1135 830 1177 fletibus
859 1136 1023 1177 amicae
1054 1136 1218 1178 locutus
1253 1141 1335 1189 est,
1378 1149 1461 1188 quo
1490 1136 1581 1178 iure
1616 1133 1768 1177 etiam
1804 1140 1900 1188 post
1935 1140 2109 1177 mortem
2140 1134 2321 1177 amicam
2351 1149 2396 1178 se
2426 1135 2674 1178 defleturam

365 1218 458 1247 esse
487 1202 619 1245 dicit?
649 1203 753 1256 Hoc,
785 1203 945 1257 opinor,
976 1203 1077 1246 iure.
1127 1202 1303 1258 Optauit
1332 1203 1391 1257 (u.
1417 1205 1484 1246 59.
1510 1203 1596 1257 60),
1628 1208 1675 1244 ut
1698 1202 1893 1245 morienti
1925 1202 2006 1245 sibi
2030 1201 2200 1245 adesset
2225 1203 2368 1256 Delia3
2401 1203 2563 1258 (itaque
2588 1217 2674 1246 non

366 1278 452 1315 tam
487 1285 607 1314 suam
643 1271 687 1313 in
723 1285 866 1313 amore
901 1271 1183 1313 constantiam
1219 1270 1431 1326 promisit,
1474 1276 1519 1313 ut
1547 1269 1746 1313 Dissenio
1783 1269 1968 1322 uidetur,
2010 1284 2137 1324 quam
2172 1270 2287 1313 illius
2322 1270 2569 1315 fidelitatem
2599 1285 2671 1315 ex-

366 1339 547 1396 petiuit).
607 1339 716 1382 Tum
746 1338 868 1393 quasi
897 1337 1033 1394 gradu
1062 1338 1229 1394 longius
1258 1338 1536 1395 progreditur.
1597 1337 1739 1394 Optat,
1778 1342 1823 1381 ut
1853 1337 1982 1382 etiam
2015 1342 2192 1394 mortuo,
2225 1337 2269 1381 id
2298 1338 2411 1393 quod
2442 1353 2536 1382 raro
2567 1338 2677 1383 illud

365 1420 498 1463 genus
528 1407 870 1449 muliercularum
900 1407 945 1448 in
974 1412 1196 1462 quaestum
1226 1407 1460 1449 amantium
1489 1407 1641 1450 fecisse
1664 1406 1879 1462 putandae
1910 1411 2019 1461 sunt,
2050 1406 2230 1449 eundem
2260 1407 2342 1449 sibi
2366 1413 2552 1462 praestet
2582 1408 2674 1450 ani-

367 1490 479 1517 mum
509 1475 651 1516 fidum.
712 1476 803 1517 Hoc
832 1481 974 1517 autem
1004 1476 1176 1517 licentia
1205 1476 1310 1517 satis
1340 1476 1425 1518 leui
1455 1476 1515 1517 ita
1544 1476 1684 1517 uerbis
1714 1475 1939 1529 expressit,
1970 1481 2016 1516 ut
2047 1489 2122 1529 pro
2152 1475 2249 1529 ipsa
2277 1475 2359 1517 fide
2388 1476 2487 1518 fidei
2517 1483 2558 1518 et
2588 1477 2675 1530 pie-

366 1543 466 1585 tatis
501 1543 545 1585 in
581 1543 726 1585 funere
762 1543 984 1586 sollemnia
1025 1543 1149 1598 signa
1183 1543 1466 1598 substitueret,
1508 1542 1630 1586 fletus
1665 1548 1707 1586 et
1742 1542 1952 1586 lacrimas.
2013 1543 2068 1585 Vt
2110 1543 2259 1597 paucis
2296 1543 2674 1598 comprehendam:

369 1612 489 1665 „Non
516 1612 652 1653 solum
676 1611 871 1653 morienti
895 1611 1012 1663 mihi,
1042 1612 1190 1665 inquit,
1222 1611 1378 1653 amoris
1402 1611 1697 1654 documentum
1728 1617 1769 1654 te
1799 1625 1921 1664 spero
1952 1624 2045 1653 esse
2076 1611 2269 1653 daturam
2301 1611 2570 1665 assidentem,
2602 1612 2678 1655 sed

367 1679 493 1722 ctiam
525 1683 687 1722 mortuo
712 1679 1043 1723 lacrimantem&

968 1839 1032 1881 71.
1091 1843 1182 1880 Jam
1210 1842 1370 1891 subrepet
1397 1844 1490 1880 iners
1530 1847 1641 1887 aetas,
1676 1854 1739 1880 nec
1774 1854 1900 1879 amare
1934 1842 2076 1888 decebit,

1149 1910 1282 1949 Dicere
1309 1922 1372 1948 nec
1402 1922 1492 1948 cano
1521 1910 1712 1948 blanditias
1741 1911 1860 1959 capiti.

578 2024 697 2074 Capiti
723 2019 892 2062 datiuus
922 2034 977 2062 an
1008 2026 1122 2075 eapite
1150 2020 1364 2062 ablatiuus
1394 2019 1693 2076 praeterendus
1729 2019 1784 2061 sit
1813 2019 2053 2074 ambigitur.
2102 2020 2213 2061 Nam
2243 2019 2356 2074 quod
2386 2021 2555 2062 tertium
2580 2035 2674 2077 pro-

368 2089 549 2142 positum
580 2094 655 2141 est,
687 2094 733 2129 ut
762 2095 872 2141 capiti
898 2102 974 2143 pro
1004 2088 1241 2141 antiquiore
1265 2088 1445 2129 ablatiui
1474 2088 1611 2129 forma
1640 2087 1877 2140 haberetur,
1920 2087 1965 2128 id
2000 2088 2143 2129 nescio
2173 2103 2229 2129 an
2272 2089 2398 2130 liceat
2433 2089 2674 2143 explodere,

367 2155 707 2210 quandoquidem
737 2170 820 2197 non
851 2161 914 2198 est
944 2161 1093 2210 poetae
1123 2156 1287 2198 malitia
1322 2156 1502 2210 bilingui
1531 2155 1575 2197 in
1612 2169 1793 2198 errorem
1830 2154 2060 2209 perducere
2086 2155 2274 2198 lectores,
2336 2155 2460 2207 Quod
2490 2157 2674 2211 fecisset,

367 2224 402 2265 si
445 2238 528 2278 quo
570 2225 662 2267 loco
698 2224 868 2267 (latinus
909 2225 1016 2267 bene
1058 2224 1336 2267 conueniebat
1377 2224 1623 2279 sententiae,
1677 2238 1727 2267 eo
1769 2223 1960 2267 obsoleta
2001 2223 2231 2267 earundem
2274 2224 2508 2268 litterarum
2537 2226 2674 2269 forma

365 2292 544 2335 ablatiui
574 2297 720 2336 contra
749 2307 906 2336 morem
936 2307 1058 2336 suum
1095 2306 1194 2336 usus
1230 2298 1352 2336 esset.
1402 2293 1484 2335 Per
1512 2292 1714 2335 librorum
1744 2291 1913 2346 quidem
1944 2305 2072 2335 manu
2102 2306 2122 2335 s
2187 2297 2352 2347 ptorum
2381 2282 2672 2336 afictoritaizm

366 2361 480 2416 optio
522 2361 643 2404 nobis
685 2360 803 2416 data,
857 2374 935 2404 nec
976 2360 1160 2403 metricis
1202 2361 1362 2403 Tibulli
1404 2361 1637 2403 rationibus
1672 2361 1993 2403 alterumutrum
2035 2361 2086 2402 de
2131 2361 2222 2402 ndit
2346 2374 2474 2415 quum
2526 2367 2670 2415 penta-

365 2404 798 2484 metrum-atfislyllabo
835 2430 1041 2472 uocabulo
1072 2430 1115 2471 in
1139 2430 1311 2471 breuem
1335 2429 1526 2471 uocalem
1550 2433 1730 2471 exeunte
1754 2429 1950 2478 claudere
1974 2442 2115 2482 quanq
2203 2444 2216 2470 1
2242 2444 2268 2471 11
2351 2430 2521 2483 saepius
2545 2442 2672 2481 quam

366 2498 508 2550 semel,
550 2503 693 2540 tamen
734 2498 864 2541 semel
893 2497 1021 2551 idque
1062 2496 1211 2540 eodem
1252 2497 1461 2540 uocabulo
1504 2503 1619 2550 capite
1648 2511 1777 2540 ausus
1807 2495 1878 2539 sit:
1945 2497 1977 2551 I,
2011 2498 2031 2539 1
2065 2499 2090 2540 8
2118 2504 2225 2551 plena
2256 2509 2421 2540 coronato
2448 2508 2543 2539 stare
2567 2501 2672 2539 boues

367 2571 491 2617 capite.
549 2565 642 2619 Age
671 2579 772 2619 ergo
808 2565 895 2608 alia
936 2564 1151 2619 praesidia
1191 2564 1593 2619 circumspiciamus.
1654 2565 1756 2608 Sine
1767 2497 1942 2688 ff
1949 2564 2199 2619 exquisitior
2227 2569 2291 2608 est
2319 2564 2487 2607 (latinus
2517 2569 2558 2607 et
2588 2578 2672 2619 quo

366 2631 521 2677 sciolus
551 2633 706 2688 aliquis
735 2633 862 2677 facile
886 2632 942 2677 ad
972 2632 1315 2677 commutandum
1339 2633 1522 2689 potuerit
1544 2632 1674 2688 allici,
1705 2646 1819 2688 quan
1863 2647 1948 2677 lam
1978 2634 2115 2677 iustae
2144 2633 2385 2683 offensionis
2409 2632 2515 2675 nihil
2545 2632 2675 2677 habet

364 2706 406 2744 et
430 2718 498 2755 per
525 2720 572 2749 se,
602 2707 649 2746 ut
677 2702 738 2746 ait
768 2702 1004 2756 Dissenius,
1034 2713 1126 2745 recte
1155 2707 1285 2745 dicitur
1313 2718 1403 2745 cano
1433 2708 1543 2757 capiti
1569 2707 1760 2744 blanditias
1789 2707 1907 2746 dicere
1934 2709 1998 2753 sic,
2027 2713 2064 2744 ut
2093 2707 2257 2757 Propert.
2281 2707 2362 2752 IIL,
2393 2709 2457 2748 10,
2488 2708 2541 2744 18
2564 2707 2674 2745 divit:

364 2778 395 2810 et
425 2786 539 2812 canae
565 2762 855 2843 lamisso-Q
867 2775 971 2823 ferre
999 2786 1133 2812 comae.
1196 2774 1342 2821 Tamen,
1383 2770 1520 2824 inquit
1560 2770 1685 2825 idem,
1727 2788 1820 2813 nunc
1849 2776 1893 2813 de
1921 2787 1958 2812 se
1997 2777 2147 2825 loquitur
2181 2774 2337 2811 Tibullus
2366 2780 2397 2810 et
2426 2775 2524 2823 loqui
2562 2775 2673 2826 debet,

358 2842 500 2889 puellae
529 2853 612 2878 uero
640 2847 843 2879 senectutem
864 2843 1033 2890 futuram
1060 2842 1177 2891 potius
1205 2842 1373 2879 indirecte
1401 2843 1600 2891 siqnficare
1627 2845 1715 2880 satis
1742 2843 1855 2879 habet.
1913 2839 2003 2880 Hoc
2034 2837 2144 2879 unde
2173 2836 2441 2879 Tibullianae
2472 2837 2545 2879 ille
2576 2838 2673 2880 sub·

363 2903 529 2946 tilitatis
570 2905 747 2947 nimium
788 2905 1001 2948 studiosus
1041 2905 1321 2960 inuestigator
1361 2905 1591 2960 collegerit,
1645 2906 1840 2961 equidem
1881 2920 1963 2948 non
2005 2905 2141 2947 uideo.
2224 2905 2358 2946 Immo
2399 2918 2501 2947 uero
2539 2905 2593 2948 de
2628 2920 2674 2948 se

364 2971 572 3024 simulque
612 2973 665 3014 de
705 2973 845 3015 amica
880 2973 1075 3015 Tibullus
1116 2973 1300 3025 loquitur
1341 2973 1427 3014 iam
1469 2974 1569 3016 inde
1611 2988 1638 3016 a
1683 2988 1808 3017 uersu
1849 2977 1902 3016 69
1943 2981 2075 3015 imerea
2116 2980 2306 3025 iunqamus
2346 2951 2676 3084 amoreskdgobis

364 3039 563 3094 intellege
585 3046 757 3095 subrepet,
779 3059 844 3083 nos
868 3046 1009 3092 decebit,
1038 3048 1128 3083 inter
1149 3057 1212 3082 nos
1235 3045 1427 3083 blanditias
1450 3046 1578 3084 dicere.
1614 3043 1724 3088 Tum
1748 3042 1915 3084 demum
1940 3041 1997 3095 (u.
2026 3042 2090 3083 73.
2119 3040 2192 3094 74)
2216 3041 2426 3095 paulatim
2445 3046 2510 3083 tra
2604 3041 2673 3083 *ad

364 3120 410 3150 se
433 3107 581 3149 solum.
602 3133 656 3138 —
673 3110 730 3151 At
754 3109 899 3152 rustici
922 3114 987 3152 est
1015 3115 1057 3152 et
1086 3108 1282 3151 inurbani
1312 3108 1494 3152 hominis
1518 3111 1686 3165 puellae
1708 3111 1892 3153 futuram
1922 3109 2124 3152 canitiem
2154 3109 2198 3151 in
2228 3115 2411 3152 mentem
2437 3122 2674 3152 uocare.—

363 3175 420 3217 At
448 3188 607 3229 uereor,
632 3191 686 3220 ne
714 3182 883 3221 nostrae
911 3178 1049 3233 magis
1078 3178 1232 3221 aetatis
1262 3177 1364 3220 belli
1393 3177 1585 3222 homines
1614 3179 1675 3221 ita
1704 3178 1898 3221 sentiant.
1959 3177 2082 3220 Certe
2112 3177 2329 3220 Tibullum
2358 3191 2385 3220 a
2409 3178 2485 3220 tali
2510 3177 2671 3243 simpli-

366 3244 493 3287 citate
523 3258 607 3287 non
637 3247 906 3291 abhorruisse
936 3252 1115 3303 apparet
1144 3261 1197 3290 ex
1227 3247 1259 3301 I,
1292 3249 1331 3302 (5,
1362 3249 1417 3290 86
1447 3264 1527 3298 nos,
1561 3252 1687 3295 Delia,
1728 3252 1861 3287 amoris
1901 3251 2097 3299 ememplum
2129 3262 2223 3288 cana
2250 3252 2360 3287 simus
2386 3256 2532 3299 uterque
2560 3262 2675 3307 coma.

364 3313 427 3356 Ac
466 3327 520 3357 ne
554 3314 661 3357 illud
696 3315 866 3370 quidem
902 3315 1229 3372 neglegendum,
1272 3316 1386 3370 quod
1422 3320 1624 3371 quantum
1659 3314 1876 3358 amatoriis
1907 3313 2019 3357 ludis
2055 3314 2271 3373 immorari
2312 3313 2518 3357 dedeceat
2553 3293 2680 3366 sest&
2737 3312 2744 3317 ’

366 3386 542 3437 scentes,
572 3379 826 3429 luculentius
857 3389 954 3428 ante
985 3385 1129 3428 oculos
1159 3384 1329 3439 ponitur
1359 3387 1671 3440 repraesentato
1706 3396 1777 3437 eo,
1821 3383 1894 3436 qui
1924 3383 2047 3426 senili
2079 3382 2244 3438 corpori
2273 3382 2501 3438 blanditur,
2544 3395 2671 3444 quam

2128 3462 2150 3496 2

929 3570 953 3580 t*

936 3584 942 3591 x
