3043 3838
1381 176 1433 218 15

253 313 433 358 Cilicum
463 311 590 366 elegit
620 316 758 367 poeta.
806 309 1027 354 Ridiculus
1058 312 1170 355 enim
1200 318 1324 368 esset,
1356 313 1393 356 si
1423 312 1468 356 id
1497 312 1578 356 iter
1607 312 1805 367 cuiquam
1830 311 1996 354 crimini
2020 284 2214 365 uc‘rteret,
2246 310 2359 365 quod
2384 310 2473 367 ipsc
2499 309 2561 352 in-

251 393 421 436 gressus
451 385 541 423 erat
571 385 612 423 et
642 379 886 436 peregisset,
917 379 1002 423 nisi
1026 381 1171 424 morbo
1195 380 1336 424 media
1359 382 1403 424 in
1428 381 1499 424 uia
1525 385 1636 424 esset
1661 385 1856 424 retentus
1917 380 1982 423 De
2011 379 2221 435 triumpho
2251 384 2405 433 autern,
2437 391 2562 433 quem

256 447 447 491 nonnulli
488 447 785 491 intellexerunt
821 461 860 490 u.
893 449 947 490 72
989 450 1158 497 (insideat
1194 455 1300 491 celari
1332 454 1599 504 conspiciendus
1626 453 1750 503 equo),
1792 462 1876 491 non
1917 448 2042 492 modo
2084 448 2272 491 Dissenii
2312 452 2562 502 argumenta

253 517 498 572 comprobo,
542 516 616 571 qui
645 531 723 559 nec
754 523 858 559 celeri
885 517 1142 559 adiectiuum
1173 517 1279 559 bene
1309 517 1521 573 triumpho
1552 517 1777 560 conuenire
1808 531 1885 559 nec
1915 530 2038 570 quem
2065 515 2319 559 antecedens
2349 515 2561 558 distichon

253 584 298 626 in
328 583 480 627 Cilicia
510 584 759 641 exhibuerit,
791 599 887 628 eum
917 590 1088 642 repente
1118 585 1295 628 Romam
1326 585 1544 629 transferri
1573 599 1697 641 posse
1727 584 1843 640 dicit,
1887 584 1961 627 sed
1991 584 2044 627 de
2073 584 2179 627 meis
2209 596 2375 638 quoque
2405 582 2562 625 addam

254 652 367 708 quod
396 653 696 709 grauissimum
725 653 829 696 mihi
860 653 1038 708 uidetur,
1069 653 1377 710 triumphantes
1406 668 1490 697 non
1521 649 1651 709 equo,
1673 654 1748 698 sed
1769 667 1893 697 curru
1918 660 2061 697 uectos
2086 653 2233 696 urbem
2257 653 2449 706 intrasse,
2481 651 2565 694 nisi

253 722 361 764 forte
402 722 614 765 ouationis
655 727 818 765 tantum
854 723 897 765 in
939 723 1014 765 tali
1051 722 1367 778 comparatione
1405 727 1575 778 poetam
1616 723 1870 766 mentionem
1910 723 2048 764 facere
2089 721 2290 764 maluisse
2332 734 2564 763 censemus.

257 789 397 840 Quare
428 790 480 833 de
511 791 763 846 imperatore
792 792 837 833 in
866 790 1037 834 Oriente
1067 791 1182 835 illius
1211 796 1346 835 terrae
1376 792 1587 835 luxuriam
1615 791 1809 834 imitante
1838 791 1991 845 cogita.

805 940 870 981 77.
937 944 1037 989 Quid
1068 943 1176 993 Tyrio
1205 944 1377 982 recubare
1404 950 1480 982 toro
1508 945 1583 982 sine
1610 957 1733 982 amore
1761 943 1918 982 secundo

983 1010 1161 1050 Prodest?
1199 1010 1289 1050 Cum
1314 1011 1395 1059 fletu
1423 1024 1494 1050 noa:
1521 1010 1707 1062 uiqilanda
1736 1012 1841 1050 uenit.

927 1079 1029 1119 Nam
1058 1091 1169 1129 neque
1195 1084 1269 1119 lum
1293 1081 1441 1131 plumae
1468 1091 1533 1119 nec
1560 1080 1724 1130 straqula
1748 1080 1848 1131 picta
1877 1091 2038 1131 soporem

986 1149 1066 1188 Nec
1094 1151 1228 1187 sonitus
1251 1149 1425 1200 placidae
1454 1149 1587 1187 ducere
1611 1154 1733 1199 posset
1760 1160 1886 1198 aquae.

927 1217 1027 1255 Num
1067 1217 1209 1255 Vener-123
1239 1229 1394 1266 maqnae
1422 1218 1559 1254 uiolaui
1583 1218 1730 1253 numina
1759 1218 1877 1263 uerbo,

980 1285 1034 1322 Ec
1063 1297 1141 1321 mea
1170 1298 1264 1323 nunc
1288 1298 1425 1334 poenae
1453 1287 1563 1333 impia
1592 1286 1714 1332 linqua
1743 1287 1828 1321 luit?

461 1393 648 1437 Medium
679 1394 888 1437 distichon
919 1394 1107 1449 spurium
1137 1394 1286 1437 habeo.
1347 1394 1661 1437 Sententiarum
1697 1394 1808 1436 enim
1840 1394 2044 1436 rationem
2080 1401 2120 1437 et
2151 1396 2490 1438 consecutionem
2522 1402 2568 1437 ut

257 1462 438 1518 primum
468 1461 710 1516 uideamus,
751 1462 857 1505 haec
887 1461 1109 1504 habemus:
1166 1461 1306 1517 „Quid
1335 1475 1544 1518 purpureo
1574 1462 1618 1503 in
1648 1467 1739 1504 toro
1771 1475 1922 1518 corpus
1953 1468 2136 1505 sternere
2167 1463 2365 1518 cuiquam
2396 1463 2567 1519 prodest

258 1531 349 1573 sine
379 1544 534 1586 amore,
566 1531 765 1585 quoniam
795 1544 897 1587 prae
927 1531 1113 1573 lacrimis
1143 1544 1336 1572 somnum
1377 1544 1528 1586 capere
1558 1530 1732 1584 nequit?
1786 1531 1877 1585 Ego
1908 1531 1944 1572 si
1974 1531 2009 1572 is
2040 1545 2194 1584 essem,
2238 1546 2291 1573 ne
2321 1532 2568 1574 mollissimo

258 1600 428 1653 quidem
459 1601 643 1642 cubiculi
672 1606 880 1656 apparatu
910 1614 1081 1642 somnus
1111 1599 1216 1641 mihi
1244 1605 1472 1655 pareretur.
1532 1599 1645 1641 Num
1674 1599 1817 1642 Venus
1846 1599 2001 1642 amoris
2036 1599 2195 1654 gaudia
2231 1600 2335 1643 mihi
2371 1600 2567 1655 denegat,

263 1667 376 1720 quod
405 1668 669 1710 maiestatem
699 1668 789 1710 eius
820 1668 980 1710 lacsi‘?“
1027 1667 1095 1710 Ad
1125 1667 1235 1711 hanc
1265 1667 1547 1724 suspicionem
1577 1666 1718 1710 media
1747 1667 1822 1710 illa
1854 1667 2060 1711 sententia
2084 1682 2167 1711 non
2193 1668 2360 1712 traduci
2383 1669 2571 1712 animum

258 1741 446 1791 apparet.
506 1736 736 1780 Reducitur
770 1735 910 1793 potius
947 1734 1002 1778 ad
1037 1735 1099 1790 id,
1142 1735 1255 1791 quod
1297 1736 1381 1779 iam
1423 1741 1565 1780 actum
1601 1740 1683 1791 est,
1725 1735 1781 1779 ad
1822 1735 2131 1793 comparandas
2173 1736 2351 1781 miseras
2394 1737 2570 1782 caelibis

258 1803 431 1849 diuitias
461 1818 557 1848 eum
586 1804 789 1847 felicitate
819 1803 921 1858 eius,
954 1803 1026 1859 qui
1056 1803 1204 1847 duram
1234 1804 1366 1847 uitam
1398 1818 1493 1847 cum
1523 1804 1661 1847 amica
1692 1803 1819 1859 degit.
1881 1804 2057 1848 Omissis
2087 1809 2230 1848 autem
2261 1805 2412 1849 mediis
2438 1806 2569 1849 uersi-

259 1873 337 1915 bus
367 1873 540 1928 egregia
569 1873 774 1915 transitio.
835 1872 1144 1927 Imaginatione
1174 1872 1356 1915 rusticae
1386 1886 1482 1915 cum
1511 1872 1636 1916 Delia
1666 1873 1780 1915 uitae
1811 1873 2010 1928 abreptus
2040 1878 2131 1915 erat
2161 1879 2306 1929 poeta3
2349 1880 2572 1916 reuocatur

258 1940 315 1982 ad
344 1946 608 1997 praesentem
638 1954 759 1983 suam
788 1940 1001 1983 miseriam
1032 1945 1358 1982 commemorata
1388 1940 1615 1993 insomnia3
1647 1940 1730 1996 ipsi
1759 1941 1872 1983 enim
1902 1941 1985 1983 sibi
2014 1947 2181 1983 noctem
2212 1955 2308 1983 cum
2338 1942 2438 1984 fletu
2463 1943 2570 1997 uigi-

259 2008 431 2051 landam
461 2009 628 2052 uenisse
658 2009 951 2052 reminiscitur.
1011 2009 1102 2051 Hoc
1132 2013 1272 2051 autem
1314 2013 1360 2051 ut
1389 2008 1471 2052 sibi
1501 2008 1728 2063 accideret,
1773 2022 1855 2062 quo
1892 2009 2047 2051 delicto
2092 2010 2303 2063 meruerit,
2341 2010 2450 2052 iusto
2481 2010 2570 2052 iure

260 2077 403 2119 statim
433 2077 609 2131 quaerit.
669 2077 819 2130 Itaque
848 2077 906 2129 fit,
938 2081 983 2119 ut
1013 2077 1155 2130 uerba,
1187 2081 1296 2130 quae
1321 2082 1433 2119 suut:
1483 2081 1572 2118 Cum
1599 2082 1678 2122 fletu
1706 2094 1778 2118 nox
1806 2083 1996 2129 uiqicanda
2024 2085 2129 2127 uenit,
2159 2079 2285 2120 simul
2315 2079 2569 2133 superiorem

261 2144 400 2187 locum
429 2144 529 2187 dato
559 2158 760 2199 responso
790 2144 897 2187 bene
927 2144 1193 2198 concludant,
1224 2144 1348 2187 simul
1378 2157 1441 2198 ea,
1473 2157 1581 2198 quae
1605 2143 1794 2200 proxime
1818 2144 2109 2199 insequuntur,
2139 2145 2265 2200 quasi
2287 2145 2508 2188 instituant
2531 2152 2571 2188 et

258 2216 531 2269 praeparent,
574 2212 611 2255 si
646 2211 771 2254 modo
813 2211 1101 2266 interrogandi
1143 2212 1311 2266 signum
1346 2225 1431 2268 non
1472 2212 1515 2253 in
1551 2211 1633 2253 fine
1662 2212 1931 2267 pentametri,
1976 2213 2052 2255 sed
2081 2218 2178 2269 post
2205 2219 2350 2267 prodest
2378 2220 2569 2270 ponatur.

261 2282 386 2334 Quod
415 2281 585 2336 quidem
615 2281 695 2324 hac
726 2294 891 2336 quoque
921 2294 964 2323 re
996 2280 1324 2324 commendatur.
1367 2281 1432 2324 *Si
1461 2298 1584 2335 quum,
1626 2294 1710 2322 non
1740 2297 1821 2322 cum
1856 2280 2049 2338 intellegi
2086 2281 2288 2325 uoluisset
2330 2288 2473 2338 poeta,
2518 2297 2569 2326 ne

260 2350 541 2406 ambiguitate
583 2351 667 2393 loci
707 2350 927 2393 audientes
970 2349 1223 2403 luderentur,
1266 2350 1397 2392 uerba
1439 2350 1500 2391 sic
1542 2349 1810 2391 collacasset:
1859 2367 1930 2390 nox
1959 2356 2049 2404 fletu
2089 2368 2198 2404 qaum
2239 2357 2427 2404 m‘qilanda
2467 2358 2569 2393 uenit.

262 2419 485 2462 Distichon
515 2424 655 2461 autem
686 2419 792 2460 illud
820 2423 990 2474 propter
1019 2418 1322 2469 sententiarum
1352 2418 1558 2459 rationem
1589 2423 1849 2474 suspectum,
1887 2424 1932 2459 ut
1963 2418 2171 2470 omittam,
2215 2433 2340 2472 quam
2371 2419 2569 2473 languide

261 2488 443 2545 proximi
477 2499 625 2531 uersus
668 2486 776 2542 (quid
807 2491 914 2542 Zyrio
945 2510 999 2515 —
1023 2487 1187 2541 prodest)
1228 2485 1436 2527 sententia
1472 2490 1686 2541 repetatur
1726 2490 1768 2528 et
1798 2485 2096 2542 amplificetur,
2141 2493 2185 2529 ut
2220 2501 2302 2528 non
2338 2487 2487 2541 loquar
2516 2487 2569 2530 de

263 2556 389 2598 modo
420 2556 720 2609 condicionali,
762 2569 887 2609 quem
917 2555 1185 2609 grammatici
1214 2558 1385 2607 uocant,
1422 2564 1558 2606 posset,
1595 2568 1670 2608 pro
1707 2568 1790 2607 quo
1821 2555 2079 2597 indicatiuus
2103 2556 2334 2610 praesentis
2370 2557 2571 2610 temporis

261 2624 543 2676 desideratur,
586 2629 632 2665 ut
672 2624 777 2666 haec
818 2624 949 2666 missa
978 2623 1152 2676 faciam,
1195 2621 1279 2664 illis
1309 2621 1437 2664 etiam
1467 2621 1703 2676 suspectius
1733 2621 1798 2676 fit,
1842 2636 1951 2676 quae
1980 2627 2239 2677 pentameter
2268 2622 2469 2665 continet:
2507 2641 2572 2665 nec

262 2699 395 2734 sonz'tus
412 2697 586 2747 placidae
609 2696 738 2733 ducere
754 2702 875 2745 posset
898 2708 1024 2744 aquae.
1070 2690 1200 2733 Cuius
1224 2689 1389 2743 aquae?
1421 2688 1718 2732 Silanorumne
1741 2690 1810 2733 uel
1833 2691 2011 2733 fontium
2035 2695 2132 2733 ante
2157 2690 2339 2732 cubiculi
2362 2691 2572 2734 fenestras

263 2761 553 2816 surgentium?
611 2760 667 2803 At
706 2759 786 2802 hoc
816 2759 1171 2802 oblectamentum
1211 2772 1296 2802 non
1331 2757 1469 2802 minus
1510 2758 1667 2801 rustico
1704 2757 1864 2801 homini
1908 2758 2129 2814 praebetur
2157 2762 2451 2814 praetereunte
2482 2759 2574 2803 riuo

264 2828 354 2882 (cfr.
390 2831 425 2883 1,
453 2829 537 2883 10).
591 2829 658 2871 An
688 2829 873 2870 riuorum
902 2827 1008 2882 ipsis
1038 2827 1245 2870 cubiculis
1274 2826 1633 2870 interfluentium?
1679 2827 1735 2869 At
1765 2827 1989 2881 singularis
2019 2826 2123 2868 haec
2154 2826 2322 2868 luxuria
2352 2841 2378 2869 a
2410 2828 2575 2871 Seneca

266 2896 405 2952 (epist.
440 2896 539 2951 100)
571 2910 666 2940 cum
697 2895 975 2950 castigatione
1006 2900 1352 2950 commemorata,
1384 2894 1421 2937 si
1451 2893 1621 2949 quidem
1651 2894 1810 2937 Tibulli
1839 2898 1977 2936 aetate
2007 2893 2092 2935 iam
2122 2893 2296 2937 inuenta
2327 2901 2430 2950 erat,
2463 2902 2576 2939 certe

263 2977 349 3006 non
378 2964 440 3007 ita
469 2964 513 3007 in
544 2964 890 3008 consuetudinem
920 2963 1096 3016 abierat,
1127 2967 1173 3005 ut
1204 2962 1269 3006 his
1299 2963 1439 3005 uerbis
1470 2962 1575 3005 satis
1605 2962 1787 3018 potuerit
1817 2961 2057 3016 significari.
