3043 3838
1419 166 1470 206 13

497 299 713 354 „Simulac
743 304 885 342 autem
914 299 1135 355 irrepsero,
1165 299 1361 345 defendet
1390 314 1457 344 me
1481 301 1623 344 Venus
1652 300 1707 342 ab
1737 300 1802 352 iis,
1834 314 1942 355 quae
1972 300 2086 342 intus
2110 299 2341 354 imminent,
2372 313 2400 343 a
2423 299 2601 355 uigilum

285 375 327 414 et
356 369 614 413 curiosorum
644 367 860 410 hominum
890 367 1215 411 domesticorum
1244 369 1606 426 explorationibus
1648 374 1689 411 et
1731 368 1939 411 indiciis“.
2001 367 2125 419 Quod
2161 368 2332 422 quidem
2363 369 2504 411 uerbis
2536 370 2598 411 sic

286 449 531 492 expressum
562 440 644 479 est:
676 441 825 478 Parcite
852 441 1038 479 luminibus
1067 442 1145 480 cet.

901 608 968 649 63.
1029 612 1083 648 Et
1110 624 1166 648 me
1193 613 1358 650 lustravit
1386 613 1511 658 taedis,
1542 619 1573 649 et
1602 620 1700 649 nocte
1728 625 1854 649 serena

1094 678 1255 716 Concidit
1283 680 1337 716 ad
1363 682 1522 729 maqz'cos
1550 679 1662 717 hostia
1686 680 1791 729 pulla
1822 680 1915 716 deos.

1032 746 1117 783 Non
1146 758 1209 795 eqo
1237 753 1328 784 totus
1352 744 1489 784 'abesset
1516 759 1630 792 amor,
1658 747 1725 784 sed
1752 752 1891 784 mutuus
1921 753 2015 793 essct,

1094 813 1266 860 Orabam,
1294 826 1359 851 nec
1387 821 1420 852 te
1442 826 1549 864 posse
1577 826 1701 851 carere
1728 815 1842 852 uelim.

494 921 612 964 Haec
636 921 695 963 ita
721 921 927 976 accipias:
955 921 1079 975 „Non
1103 926 1267 964 tantum
1291 923 1476 965 carmine
1500 922 1558 965 ad
1575 922 1871 977 decipiendum
1893 923 2114 977 coniugem
2133 923 2296 965 efficaci
2316 936 2382 965 me
2401 921 2599 964 instruxit

286 1003 405 1045 saga,
439 989 514 1032 sed
543 989 672 1032 etiam
713 1003 899 1032 amorem
940 1003 1080 1032 meum
1121 991 1284 1033 soluere
1326 1005 1371 1034 se
1412 1005 1537 1046 posse
1578 991 1769 1046 professa
1799 996 1875 1033 est.
1936 991 1989 1033 Et
2019 991 2188 1044 quidem
2220 991 2435 1045 magicum
2465 989 2594 1043 ‘saeri-

283 1057 425 1100 ficium
466 1057 552 1100 iam
594 1057 833 1101 instituerat
873 1070 1041 1112 meque,
1084 1063 1129 1100 ut
1170 1064 1260 1102 arte
1302 1072 1380 1101 sua
1420 1073 1563 1102 amore
1594 1059 1809 1112 liberaret,
1854 1059 2032 1101 lustrare
2075 1064 2288 1114 coeperat,
2332 1072 2462 1113 quum
2504 1057 2596 1113 ipse

284 1125 429 1169 obstiti
463 1130 505 1169 01
540 1126 736 1180 quamuis
765 1126 920 1168 amoris
951 1125 1140 1168 cruciatu
1170 1126 1304 1169 leuari
1334 1140 1550 1181 cuperem,
1593 1131 1735 1169 tamen
1778 1126 1914 1179 oraui,
1958 1132 2003 1168 ut
2046 1140 2129 1168 non
2170 1126 2354 1169 demeret
2395 1140 2595 1177 amorem,

286 1194 362 1236 sed
393 1199 583 1237 mutuum
613 1194 847 1237 redderet.“
894 1195 972 1236 His
996 1199 1137 1236 autem
1167 1195 1478 1237 commonefieri
1506 1196 1597 1237 uult
1626 1201 1753 1250 poeta
1789 1195 1969 1247 Deliam,
2001 1200 2042 1236 01
2072 1209 2198 1248 quam
2228 1200 2470 1237 constanter
2504 1195 2596 1247 ipse

283 1262 563 1315 perseuerarit
605 1262 649 1303 in
690 1275 833 1303 amore
875 1267 917 1303 et
958 1275 1086 1315 quam
1127 1276 1258 1316 prope
1299 1262 1505 1313 abfuerit,
1548 1267 1594 1305 ut
1634 1262 1710 1304 illa
1752 1267 1939 1305 amatore
1970 1276 2046 1305 suo
2077 1262 2324 1316 priuaretur.
2384 1262 2596 1313 Quocirca

285 1334 449 1382 caueat,
480 1342 533 1371 ne
564 1329 736 1371 leuitate
767 1329 898 1370 animi
927 1334 1001 1370 aut
1031 1329 1228 1383 superbia
1259 1343 1354 1371 eum
1380 1329 1522 1371 laedat
1552 1334 1593 1372 01
1623 1330 1770 1381 irritet,
1801 1329 1873 1383 qui
1898 1336 1984 1371 tam
2009 1330 2135 1371 facile
2160 1330 2292 1384 possit
2318 1330 2425 1371 illud
2449 1330 2594 1383 iugum

286 1400 494 1438 excutere.

901 1543 969 1584 67.
1030 1547 1187 1584 Ferreus
1215 1549 1271 1584 ille
1298 1547 1376 1594 fuit,
1405 1550 1467 1596 qui
1492 1555 1525 1585 te
1552 1562 1659 1597 quum
1686 1554 1803 1597 posset
1830 1548 1967 1592 habere,

1085 1615 1259 1653 ⁴Maluerit
1281 1615 1445 1665 praedas
1472 1616 1595 1654 stultus
1624 1622 1655 1653 et
1683 1629 1788 1654 arma
1818 1617 1923 1665 sequi.

487 1725 591 1766 Tres
622 1724 807 1765 rationes
836 1723 893 1765 ad
922 1723 1191 1765 enodandum
1221 1724 1332 1766 hune
1363 1725 1501 1766 locum
1537 1724 1817 1767 difficiliorem
1848 1726 2086 1779 propositae
2117 1730 2297 1775 exstant,
2336 1730 2381 1766 ut
2412 1731 2595 1778 praeter-

286 1793 450 1834 mittam
480 1798 522 1834 et
551 1793 643 1833 Ios.
677 1792 928 1846 Sea-ligeri
958 1806 1042 1832 non
1072 1792 1211 1833 minus
1241 1791 1426 1833 audaces
1457 1806 1584 1845 quam
1614 1793 1830 1846 ingeniose
1862 1793 2124 1846 excogitatos
2156 1793 2285 1843 lusus,
2318 1793 2596 1846 transpositos

282 1862 377 1904 dico
407 1874 555 1903 uersus
585 1862 754 1903 66—-80
782 1860 826 1901 in
857 1860 1056 1914 primam,
1093 1873 1133 1901 u.
1165 1861 1363 1903 81-100
1392 1860 1435 1902 in
1466 1861 1655 1914 quintam
1686 1860 1809 1903 huius
1840 1861 1935 1903 libri
1965 1861 2165 1915 elegiam,
2209 1866 2250 1903 et
2282 1861 2313 1902 Ι.
2347 1861 2397 1902 H.
2424 1861 2595 1904 Vossii

283 1930 336 1971 de
367 1928 599 1971 diuidenda
628 1928 708 1970 1100
740 1928 833 1970 1000
863 1928 908 1970 in
938 1927 1021 1970 duo
1052 1927 1242 1970 earmina
1271 1927 1408 1982 elegia
1440 1929 1680 1983 opinionem
1706 1929 1847 1982 utique
1872 1929 2195 1983 improbabilem
2229 1935 2269 1971 et
2302 1928 2594 1984 respuendam.

282 1996 425 2039 Prima
450 2010 549 2051 pars
574 2000 638 2038 est
668 2009 824 2048 eorum,
857 1995 929 2050 qui
956 2000 1120 2048 sem-eum
1148 2000 1257 2043 illum,
1289 2008 1411 2049 quem
1442 2000 1566 2051 poeta
1596 2009 1634 2038 u.
1662 1998 1715 2038 (57
1747 1997 1989 2049 insectatur,
2021 1996 2161 2050 ipsum
2191 1997 2342 2038 Deliae
2374 1996 2595 2051 coniugem

282 2078 374 2108 esse
405 2068 607 2118 statuunt,
639 2068 683 2106 ut
714 2063 971 2118 Gruppius
1002 2067 1055 2116 et,
1087 2062 1160 2116 qui
1190 2063 1426 2117 nuperrime
1456 2063 1552 2105 huic
1584 2064 1644 2106 rei
1673 2077 1846 2119 operam
1882 2064 2071 2116 nauauit,
2105 2064 2334 2106 Seilerus
2365 2063 2427 2118 (in
2453 2064 2594 2106 libello

283 2131 527 2187 gratulandi
552 2144 683 2174 eausa
713 2130 770 2174 ad
792 2130 1128 2185 Bernhardyium
1153 2144 1179 2173 a
1203 2131 1348 2174 semin.
1375 2131 1575 2186 philolog.
1598 2132 1797 2175 Halensis
1823 2132 2041 2175 sodalibus
2067 2131 2167 2175 dato
2194 2146 2231 2174 a.
2263 2132 2402 2185 1872).
2452 2133 2594 2188 Ipsum

286 2201 508 2253 coniugem
545 2200 664 2241 illum
694 2212 785 2241 esse
817 2199 1067 2241 credamus?
1124 2199 1237 2252 Ergo
1267 2199 1421 2253 omnia,
1454 2199 1498 2240 in
1528 2199 1681 2253 quibus
1710 2214 1829 2254 spem
1859 2200 2173 2255 recuperandae
2204 2201 2371 2255 puellae
2402 2201 2592 2247 collocat.

284 2272 410 2324 poeta
433 2267 569 2310 fusius
594 2267 782 2323 exponit:
810 2266 1046 2309 absentiam
1071 2265 1223 2319 mariti,
1250 2279 1334 2321 qua
1358 2266 1584 2322 praecipue
1609 2266 1733 2309 debet
1759 2266 1980 2321 confidere,
2008 2280 2059 2309 ne
2080 2267 2208 2309 uerbo
2230 2267 2399 2321 quidem
2421 2272 2592 2321 tanget?

282 2336 458 2379 Maritus
499 2336 543 2377 in
586 2335 866 2378 remotissima
907 2335 1074 2389 imperii
1116 2334 1286 2388 regione
1329 2335 1502 2389 militat,
1548 2335 1732 2390 praedae
1768 2340 1932 2378 tantum
1971 2340 2012 2378 et
2037 2334 2215 2378 bellicae
2247 2334 2362 2377 laudi
2393 2335 2591 2378 intentus:

282 2404 450 2445 adulter
478 2403 534 2444 ad
564 2416 738 2444 uxorem
773 2416 818 2444 se
854 2402 1068 2444 insinuare
1099 2401 1273 2456 cupiens
1311 2401 1356 2443 id
1385 2406 1484 2444 ante
1513 2402 1655 2444 omnia
1687 2403 1870 2454 curabit,
1918 2417 1970 2445 110
2001 2403 2118 2445 fraus
2154 2417 2229 2445 sua
2262 2403 2323 2444 illi
2353 2403 2593 2456 aperiatur?

285 2469 439 2512 Credat
469 2469 653 2511 Iudaeus
682 2468 846 2525 Apella,
878 2483 962 2511 non
992 2482 1083 2522 ego.

486 2538 618 2579 Multo
661 2551 764 2580 sane
800 2536 1051 2592 speciosius,
1101 2536 1214 2590 quod
1244 2536 1522 2589 Huschkio,
1565 2537 1789 2591 Riglero,
1822 2539 2074 2591 Dissenio,
2128 2538 2223 2580 aliis
2260 2537 2480 2591 probatum
2516 2544 2592 2590 est,

282 2606 355 2659 qui
393 2605 446 2648 de
482 2605 661 2660 pristino
690 2605 841 2647 Deliae
882 2609 1071 2647 amatore
1112 2604 1228 2657 loqui
1262 2609 1432 2658 poetam
1469 2605 1731 2659 existimant,
1775 2612 1874 2649 tune
1904 2606 2071 2650 deserta
2105 2606 2241 2648 amica
2271 2604 2327 2647 ad
2356 2604 2514 2647 bellum
2550 2605 2595 2648 in

283 2674 497 2717 Orientem
533 2674 734 2728 profecto.
785 2673 941 2715 Verum
977 2687 1029 2715 ne
1060 2672 1113 2715 iis
1143 2672 1313 2725 quidem
1343 2672 1561 2727 astipulor.
1610 2673 1764 2717 Contra
1796 2688 1901 2728 quos
1932 2688 2014 2716 non
2045 2673 2177 2716 solum
2208 2671 2461 2714 monendum
2491 2672 2597 2715 mihi

282 2740 461 2796 uidetur,
487 2741 600 2795 quod
625 2754 753 2784 unum
767 2739 953 2784 Seilerus
977 2740 1107 2794 effert,
1133 2740 1171 2784 si
1196 2740 1322 2784 Delia
1346 2746 1514 2796 praeter
1526 2740 1742 2784 Tibullum
1767 2742 1894 2785 etiam
1914 2741 2043 2784 alium
2064 2741 2246 2796 aliquem
2266 2745 2500 2783 amatorem
2520 2740 2595 2783 ad-

281 2809 478 2864 misisset,
502 2814 672 2865 poetam
696 2808 916 2864 perfidiam
941 2813 982 2850 01
1007 2808 1223 2851 leuitatem
1247 2809 1415 2864 puellae
1441 2815 1684 2864 questurum
1703 2811 1845 2864 fuisse,
1873 2823 2112 2863 quanquam
2131 2814 2172 2851 et
2193 2809 2297 2851 haec
2321 2823 2388 2851 res
2410 2809 2497 2851 uim
2517 2810 2594 2851 ali-

282 2890 408 2929 quam
432 2878 578 2931 habet3
610 2878 687 2920 sed
710 2878 841 2918 multo
866 2877 1039 2930 grauius
1063 2877 1170 2918 illud
1193 2883 1307 2932 puto.
1339 2878 1536 2919 Alienum
1559 2884 1623 2920 est
1647 2893 1671 2919 a
1687 2879 1854 2919 Tibullo
1879 2877 1922 2918 id
1947 2877 2215 2918 obscuritatis
2229 2877 2428 2929 studium,
2455 2878 2596 2920 aliena

282 2956 333 2985 ea
356 2943 578 2987 breuitatis
602 2945 828 2997 affectatio,
859 2949 906 2986 ut
933 2957 1038 2998 quos
1069 2944 1260 2986 homines
1289 2945 1333 2985 in
1363 2944 1452 2986 uita
1483 2951 1524 2987 et
1553 2945 1766 2987 amoribus
1790 2945 1876 2986 suis
1901 2944 2100 2997 attigerit,
2133 2944 2289 2987 riuales
2315 2945 2512 2997 maxime,
2551 2946 2595 3001 in

283 3011 540 3055 carminibus
565 3013 744 3055 strictim
769 3013 905 3056 solum
928 3017 969 3054 et
997 3017 1200 3066 tanquam
1217 3012 1476 3066 praeteriens
1500 3012 1681 3066 attingat
1701 3024 2005 3067 personamque
2029 3011 2153 3064 quasi
2172 3011 2215 3053 in
2236 3025 2408 3055 scenam
2429 3012 2595 3067 prodire

283 3079 439 3133 iubeat,
466 3071 575 3133 qilae
604 3080 781 3122 uixdum
811 3085 985 3135 aspecta
1015 3084 1056 3121 et
1086 3093 1170 3121 non
1200 3079 1307 3122 satis
1337 3079 1508 3134 cognita
1532 3079 1673 3122 statim
1699 3079 1751 3121 de
1775 3078 1950 3133 pulpitis
1975 3078 2153 3121 decedat
2178 3092 2315 3133 neque
2342 3093 2527 3133 unquam
2553 3080 2596 3121 in

282 3152 554 3201 conspectum
584 3149 742 3190 redeat.
791 3149 940 3204 Apage
965 3147 1141 3189 riualem
1165 3147 1293 3189 istum
1317 3161 1487 3202 prorsus
1511 3147 1713 3200 ignotum,
1745 3147 1995 3188 nebulosum
2020 3146 2245 3199 hominem,
2277 3160 2401 3200 quem
2426 3147 2596 3189 omnino

282 3228 365 3255 non
393 3214 524 3257 fuisse
554 3216 664 3258 inter
686 3217 886 3259 mortales
916 3215 1154 3270 suspiceris,
1199 3214 1274 3257 sed
1302 3228 1378 3269 pro
1409 3215 1501 3257 1000
1532 3214 1674 3257 fictum
1704 3227 1808 3266 esse,
1853 3220 1898 3256 ut
1928 3214 2102 3257 haberet
2144 3221 2284 3270 poeta,
2327 3229 2508 3269 quocum
2551 3229 2595 3257 se

281 3281 418 3336 ipsum
459 3283 615 3326 amoris
663 3289 855 3328 tenacem
897 3284 1115 3327 conferret.
1199 3282 1292 3325 Vna
1333 3281 1583 3335 relinquitur
1623 3281 1867 3337 explicandi
1921 3282 2048 3336 ratio,
2104 3296 2230 3337 quam
2274 3283 2489 3338 ingressus
2532 3287 2596 3325 est

282 3349 527 3405 Heynius,
558 3356 604 3393 ut
634 3351 740 3395 haec
769 3367 854 3395 non
884 3352 936 3395 de
967 3355 1079 3394 certo
1109 3350 1252 3403 aliquo
1283 3349 1451 3392 homine
1481 3349 1755 3404 accipiamus,
1788 3350 1863 3393 sed
1887 3351 2067 3394 ferreum
2092 3351 2210 3393 illum
2232 3364 2307 3405 pro
2332 3364 2596 3405 quocumque
