3043 3838
1531 193 1559 235 6

379 329 438 368 laio
460 325 711 370 aduerbium
735 327 956 384 explicans
980 340 1057 383 per
1079 334 1140 378 „in
1162 333 1282 371 eodem
1295 329 1648 383 (Ambarualiorum)
1669 333 1810 380 sacr-0⁶⁶,
1833 342 1907 371 eos
1925 342 2009 371 non
2027 343 2152 386 posse
2170 333 2317 376 referri
2333 334 2390 378 ad
2405 334 2697 377 Ambarualia.

380 394 467 439 Aut
495 394 610 438 enim
638 394 746 439 nihil
775 400 944 440 constat
972 401 1046 439 aut
1075 396 1182 440 haec
1211 396 1268 439 ad
1291 397 1453 440 Parilia
1480 397 1691 454 pertinere
1719 397 1999 441 certissimum
2028 404 2105 443 est.
2164 402 2232 444 An
2260 402 2505 458 ignoramus
2533 402 2695 458 Palem,

380 467 597 516 pastorum
629 463 860 519 custodem,
920 464 1134 520 placidam
1165 464 1302 520 deam,
1345 479 1430 508 non
1461 466 1644 509 cruentis
1673 465 1869 522 dapibus,
1911 464 1987 508 sed
2016 469 2243 521 quotannis
2284 476 2383 514 ante
2417 471 2458 514 d.
2489 471 2566 514 XI.
2595 470 2695 514 Kal.

383 529 523 573 Maias
565 531 677 575 lacte
713 530 859 587 tepido
888 532 1120 588 placatam,
1157 532 1367 587 simulque
1397 538 1440 576 et
1467 547 1619 589 greges
1649 538 1690 577 et
1718 537 1910 590 pastores
1938 532 2030 588 igni
2058 534 2259 581 lustratos
2287 539 2409 583 esse?
2467 538 2569 595 (Cfr.
2600 538 2695 582 Tib.

379 596 435 653 II,
466 598 507 654 5,
538 600 593 643 87
618 613 710 655 sqq.
766 598 889 644 Ouid.
916 599 1031 644 Fast.
1056 599 1127 643 IV.
1155 601 1237 644 723
1261 614 1353 656 sqq.
1402 600 1578 646 Prelleri
1601 600 1734 659 Myth.
1760 601 1879 645 Rom.
1904 615 1945 657 p.
1970 601 2055 646 366
2080 603 2191 661 sqq.)
2238 605 2351 663 Ergo
2375 606 2481 652 haec
2512 606 2697 652 disticha

380 666 593 719 (19—24.
638 668 839 724 35‚—36)
878 669 1073 712 omnibus
1114 668 1323 713 machinis
1353 670 1494 726 potius
1524 669 1778 714 dissecanda
1807 683 1934 724 quam
1977 670 2213 717 conflanda.
2273 675 2384 720 Ecce
2424 680 2564 720 autem
2606 676 2696 719 alia

382 738 531 779 contra
560 735 768 781 Haasium
799 735 1021 781 dubitatio.
1076 736 1278 782 Versibus
1306 738 1488 782 29-32

1038 843 1119 883 Nec
1146 851 1262 883 tamen
1290 846 1467 884 merdam
1490 845 1631 896 pudeat
1656 846 1804 883 tenuisse
1831 844 1987 883 bidentes

1098 913 1172 950 Aut
1200 913 1338 951 stimulo
1367 913 1493 951 tardos
1521 914 1736 963 increpuisse
1764 912 1879 959 boues,

1040 981 1126 1020 Non
1150 993 1330 1030 aqnamue
1357 982 1437 1018 sinu
1460 982 1585 1030 piqeat
1604 981 1764 1030 saumae
1793 982 1951 1032 capellae

1096 1049 1285 1087 Desertum
1314 1049 1419 1087 oblita
1448 1055 1561 1087 matre
1589 1048 1725 1097 referre
1752 1048 1896 1087 domum

378 1140 423 1183 id
464 1141 581 1186 haud
622 1143 752 1188 dubie
793 1145 883 1201 agit
918 1151 1066 1202 pocta,
1110 1151 1155 1189 ut
1185 1146 1381 1201 quamuis
1411 1145 1486 1187 otii
1515 1144 1714 1201 cupidum
1745 1151 1888 1187 tamen
1918 1146 2078 1188 rustica
2107 1161 2237 1203 opera
2264 1164 2348 1193 non
2378 1151 2691 1208 repudiaturum

379 1223 425 1253 se
456 1223 550 1254 esse
581 1212 781 1256 declaret.
841 1214 896 1257 Et
940 1215 1122 1270 primum
1153 1214 1232 1256 hoc
1263 1214 1447 1256 illustrat
1475 1213 1569 1269 agri
1599 1214 1788 1255 culturae
1818 1214 2012 1270 exemplo
2055 1214 2142 1269 (29.
2173 1217 2261 1273 30),
2315 1218 2468 1262 deinde
2508 1219 2563 1261 ad
2603 1233 2690 1261 rem

375 1280 620 1334 pecuariam
651 1282 769 1325 uenit
793 1282 879 1338 (31.
906 1283 1004 1338 32):
1037 1283 1141 1337 quid
1169 1288 1257 1325 tum
1288 1283 1611 1338 exspectamus?
1658 1282 1895 1337 Imaginem
1919 1297 2023 1326 sane
2046 1297 2100 1327 ex
2124 1283 2336 1329 hortorum
2363 1289 2476 1331 cultu
2500 1288 2690 1344 petitam.

377 1348 433 1391 Et
462 1349 653 1404 profecto
682 1364 735 1392 ea
764 1351 991 1405 praebetur
1020 1351 1172 1393 Haasii
1201 1351 1543 1406 transpositione,
1574 1356 1717 1394 tamen
1747 1351 1969 1395 interiecta
1998 1352 2086 1395 alia
2115 1368 2176 1397 re:

1059 1456 1109 1494 A!
1137 1470 1201 1494 uos
1230 1459 1356 1506 eoeiyuo
1380 1459 1514 1507 pecori,
1537 1459 1710 1506 furesque
1737 1458 1888 1506 lupique,

1116 1525 1283 1563 Parcite.-
1312 1526 1357 1563 de
1385 1537 1517 1574 maqno
1540 1525 1687 1575 praeda
1712 1525 1867 1575 petenda
1895 1538 2015 1576 φερε.

1058 1592 1141 1642 Ipse
1167 1604 1287 1629 seram
1315 1597 1456 1629 teneras
1484 1598 1625 1629 maturo
1653 1598 1808 1642 tempore
1835 1593 1924 1630 uites

1116 1660 1282 1696 Rusticus
1310 1665 1342 1696 et
1362 1660 1474 1708 sacili
1498 1659 1659 1707 qrandia
1682 1672 1794 1708 poma
1825 1673 1963 1697 manus.

586 1755 727 1808 Quid?
757 1756 897 1800 furum
927 1756 1003 1800 illa
1036 1761 1078 1801 et
1107 1757 1301 1813 luporum
1326 1756 1580 1813 deprecatio,
1618 1756 1814 1812 quamuis
1838 1762 1937 1814 apte
1967 1758 2193 1801 conueniat
2216 1760 2421 1816 superiori
2445 1762 2692 1819 sententiae,

376 1824 412 1867 si
442 1824 656 1880 progressi
685 1837 830 1868 sumus
860 1825 916 1868 ad
946 1830 1053 1880 ..Ipse
1080 1828 1222 1867 εον-ανῆ*
1253 1850 1307 1854 -
1336 1837 1436 1867 num
1466 1824 1568 1879 quid
1598 1823 1715 1866 aliud
1745 1837 1872 1878 quam
1902 1825 2186 1880 inopportuna
2204 1827 2482 1882 parenthesis,
2512 1830 2691 1873 molesta

379 1892 600 1948 digressio,
631 1906 760 1948 quam
790 1893 873 1935 nisi
903 1898 1042 1936 mente
1072 1893 1460 1949 praetermittimus,
1492 1906 1576 1934 non
1606 1892 1828 1946 habemus,
1865 1906 1949 1946 quo
1978 1893 2268 1946 insequentem
2297 1897 2548 1939 sententiam
2579 1904 2691 1941 recte

383 1963 689 2004 annectamus?
725 1962 828 2004 Eice
852 1961 1081 2004 distichon:
1108 1962 1251 2003 omnia
1274 1961 1343 2003 hic
1369 1961 1588 2016 praeclare
1618 1961 1727 2003 inter
1746 1975 1791 2003 se
1816 1961 2041 2016 excipient.
2078 1963 2251 2016 Repone
2269 1964 2446 2017 pristino
2465 1966 2556 2008 loco
2577 1967 2693 2020 (ante

380 2045 419 2074 u.
451 2030 545 2084 35):
577 2031 775 2073 nimirum
806 2031 982 2083 nescies,
1013 2044 1096 2084 quo
1126 2036 1182 2071 hic
1211 2029 1461 2072 aduerbium
1492 2030 1659 2083 (uersus
1682 2030 1738 2072 35
1762 2029 1872 2079 init.)
1903 2030 2073 2073 referas.
2135 2030 2221 2074 Sed
2251 2045 2336 2074 una
2365 2032 2512 2076 littera
2529 2039 2693 2079 mutata

377 2097 574 2153 liquebit3
605 2097 743 2142 scribe
773 2102 838 2142 hoc
867 2112 944 2154 pro
974 2102 1042 2143 hic.
1072 2102 1160 2141 tum
1191 2096 1333 2141 omnia
1363 2096 1574 2154 expedita.
1636 2096 1816 2142 Laribus
1846 2098 2039 2154 promisit
2075 2102 2201 2155 poeta
2236 2111 2394 2154 agnam
2423 2100 2688 2148 Ambaruali-

377 2170 457 2213 bus
487 2166 773 2222 mactandam,
804 2172 851 2210 ut
880 2181 1060 2210 messem
1091 2171 1133 2210 et
1162 2164 1421 2209 uindemiam
1450 2165 1749 2220 secundarent3
1795 2169 1884 2209 tum
1914 2166 1971 2209 ad
2000 2167 2147 2210 Palem
2178 2179 2223 2210 se
2254 2169 2471 2222 conuertit,
2510 2170 2588 2213 sed
2617 2184 2689 2227 pe-

379 2249 523 2280 corum
553 2235 771 2291 paucitate
800 2234 926 2277 modo
963 2238 1291 2277 commemorata
1331 2247 1380 2276 eo
1418 2233 1678 2289 perducitur,
1723 2239 1768 2276 ut
1803 2234 1970 2276 uariata
2010 2235 2163 2277 festiue
2205 2236 2394 2278 oratione
2435 2250 2518 2278 non
2554 2238 2687 2281 dicat:

378 2305 503 2359 „Tibi
533 2317 713 2358 quoque,
743 2303 892 2357 Pales,
935 2317 1110 2346 munera
1144 2302 1297 2355 feram,
1340 2315 1440 2357 ergo
1476 2306 1614 2343 tutare
1649 2315 1800 2357 greges
1835 2301 1994 2356 meos,“
2025 2302 2101 2344 sed
2131 2303 2298 2345 inuerso
2329 2303 2494 2346 ordine:
2549 2306 2688 2359 „absit

386 2372 589 2415 damnum
619 2386 646 2414 a
676 2385 827 2426 pecore
857 2385 964 2424 meo,
995 2370 1243 2426 praesertim
1279 2370 1451 2424 exigu03
1496 2369 1628 2423 (quod
1656 2371 1746 2412 fore
1776 2383 1912 2425 spero,
1944 2370 2062 2425 nam)
2092 2370 2172 2412 hoc
2203 2370 2369 2426 (pecus)
2398 2377 2692 2428 pastoremque

380 2454 519 2484 meum
551 2441 730 2483 lustrare
754 2438 981 2493 quotannis
1005 2439 1122 2480 solco
1146 2437 1359 2478 Parilibus
1384 2437 1491 2478 eet.“
1552 2436 1646 2487 Qua
1676 2450 1771 2478 cum
1795 2438 2098 2479 sententiarum
2123 2438 2417 2480 consecutione
2442 2438 2538 2481 uide
2562 2455 2689 2494 quam

377 2509 553 2552 mirifice
584 2512 832 2563 congruant,
863 2521 972 2561 quae
1003 2506 1056 2549 de
1086 2505 1235 2549 eadem
1266 2505 1369 2547 Pale
1400 2505 1522 2561 lupos
1553 2511 1857 2548 auerruncante
1887 2505 1991 2548 dicit
2020 2506 2073 2560 II,
2105 2507 2145 2560 5,
2177 2507 2229 2548 87
2262 2519 2342 2559 sq.:

995 2611 1044 2650 At
1073 2610 1244 2649 madidus
1272 2611 1424 2648 Baccho
1452 2622 1520 2647 sua
1540 2611 1641 2658 festa
1669 2611 1814 2648 Parilia
1840 2617 1966 2660 pastor

1053 2678 1236 2717 Concinet:
1265 2690 1289 2716 a
1318 2678 1464 2716 stabulis
1485 2682 1569 2715 tunc
1593 2679 1726 2728 procul
1747 2684 1816 2716 este
1844 2679 1928 2728 lupi.

581 2779 659 2822 His
690 2777 893 2834 expositis
924 2777 1183 2833 priusquam,
1216 2774 1329 2830 quod
1359 2775 1567 2830 reliquum
1598 2780 1679 2830 est,
1716 2779 1850 2819 totum
1880 2776 2019 2819 locum
2049 2776 2102 2820 de
2137 2780 2282 2818 nostra
2312 2777 2519 2820 sententia
2547 2778 2590 2820 in
2621 2792 2684 2821 or-

377 2849 518 2890 dinem
543 2847 761 2890 redactum
785 2845 1089 2899 describamus,
1114 2844 1170 2887 ad
1195 2844 1473 2887 leuiusculam
1498 2859 1585 2887 rem
1609 2844 1794 2887 nondum
1813 2843 2089 2888 diiudicatam
2114 2855 2313 2887 reuocare
2338 2843 2475 2886 liceat.
2501 2845 2615 2889 Vers.
2630 2848 2687 2890 25

377 2921 525 2971 (ueter.
557 2913 712 2968 ordin.)
743 2918 939 2969 corrupto
970 2912 1084 2956 haud
1114 2912 1242 2956 dubie
1271 2912 1392 2956 initio
1423 2912 1466 2956 in
1497 2912 1615 2955 libris
1644 2911 1824 2956 traditus
1855 2916 1931 2967 est,
1962 2918 2035 2956 iam
2064 2916 2170 2954 modo
2199 2926 2268 2953 non
2290 2926 2437 2964 possum
2461 2911 2685 2969 plerisque,

377 2983 592 3038 excerptis
615 2983 797 3037 Frising.
829 2989 902 3025 iam
931 2986 1037 3024 modo
1066 2988 1139 3024 iam
1166 2987 1299 3034 possim
1330 2979 1638 3025 exhibentibus.
1686 2980 1774 3024 Nec
1805 2980 1956 3023 mirum
1986 2980 2030 3023 in
2060 2983 2180 3023 tanta
2209 2977 2454 3021 confusione
2478 2993 2684 3026 uersuum.

377 3051 508 3094 Varia
538 3050 777 3093 coniectata
806 3055 922 3102 sunt,
966 3062 1075 3102 quae
1106 3061 1351 3092 enumerare
1382 3061 1466 3091 non
1496 3047 1647 3090 attinet
1682 3052 1849 3102 praeter
1885 3047 2217 3091 recentissimam
2248 3045 2295 3086 L.
2327 3045 2492 3087 Mullcri
2522 3048 2683 3091 coniec-

374 3124 531 3162 turam:
577 3124 675 3168 .,iam
704 3122 799 3161 mihi.
829 3123 903 3159 iam
927 3119 1100 3170 possim.“
1160 3115 1279 3167 Quae
1309 3128 1552 3169 quanquam
1588 3115 1772 3169 optimae
1803 3115 2000 3158 habenda
2031 3121 2095 3157 est
2125 3117 2249 3155 notae
2290 3117 2460 3167 propter
2488 3116 2682 3158 mutatio-

374 3188 442 3230 nis
471 3187 788 3241 simplicitatem
819 3199 903 3227 non
934 3185 1073 3227 minus
1103 3197 1230 3238 quam
1261 3183 1495 3226 sententiae
1532 3182 1892 3238 conuenientiam,
1936 3189 2078 3226 tamen
2114 3181 2257 3224 nescio
2286 3194 2342 3222 an
2371 3180 2460 3223 ueri
2489 3181 2544 3224 sit
2570 3183 2684 3228 simi-

374 3255 457 3299 lius
493 3254 697 3310 scriptum
727 3253 859 3297 fuisse
890 3267 916 3296 a
947 3252 1136 3295 Tibullo:
1180 3256 1372 3293 dummodo
1401 3257 1475 3293 iam
1498 3257 1644 3305 possim.
1701 3250 1939 3293 Recordare
1969 3263 2128 3305 quaeso
2157 3262 2221 3303 ea,
2263 3260 2372 3301 quae
2401 3247 2454 3290 de
2483 3254 2586 3292 inerti
2609 3257 2684 3294 uita

374 3327 433 3378 (u.
465 3323 511 3377 ὃ)
542 3335 672 3378 supra
702 3321 1033 3377 disputauimus:
1066 3333 1296 3376 cognosces
1326 3319 1550 3376 aptissima
1580 3319 1742 3361 ratione
1778 3319 1887 3362 inter
1915 3333 1960 3362 se
1990 3319 2216 3361 cohaerere
2245 3317 2368 3358 haec:
2412 3333 2466 3357 me
2487 3329 2686 3370 paupertas

371 3396 543 3433 traducat
571 3414 628 3422 —-
657 3395 743 3431 dum
773 3396 887 3431 luceat
908 3394 1018 3441 jocus
1046 3415 1101 3421 —
1132 3393 1324 3430 dummodo
1365 3394 1439 3428 iam
1475 3393 1612 3440 possim
1642 3397 1818 3429 contentus
1851 3394 1971 3429 uiuere
1994 3403 2127 3440 paruo·
2184 3385 2408 3427 Praeterea
2438 3384 2575 3438 ipsum
2605 3386 2685 3429 hoc
