<?xml version="1.0" encoding="UTF-8"?>
<!DOCTYPE html PUBLIC "-//W3C//DTD XHTML 1.0 Transitional//EN"
    "http://www.w3.org/TR/xhtml1/DTD/xhtml1-transitional.dtd">
<html xmlns="http://www.w3.org/1999/xhtml" xml:lang="en" lang="en">
 <head>
  <title>
</title>
<meta http-equiv="Content-Type" content="text/html;charset=utf-8" />
  <meta name='ocr-system' content='tesseract 3.04.00' />
  <meta name='ocr-capabilities' content='ocr_page ocr_carea ocr_par ocr_line ocrx_word'/>
</head>
<body>
  <div class='ocr_page' id='page_1' title='image "4767304_0020.png"; bbox 0 0 3043 3838; ppageno 0'>
   <div class='ocr_carea' id='block_1_1' title="bbox 267 193 2586 724">
    <p class='ocr_par' dir='ltr' id='par_1_1' title="bbox 267 193 2586 724">
     <span class='ocr_line' id='line_1_1' title="bbox 1295 193 1566 255; baseline 0 0"><span class='ocrx_word' id='word_1_1' title='bbox 1295 193 1566 255; x_wconf 45' lang='lat' dir='ltr'>—Q-</span> 
     </span>
     <span class='ocr_line' id='line_1_2' title="bbox 269 327 2585 386; baseline -0 -12"><span class='ocrx_word' id='word_1_2' title='bbox 269 330 470 385; x_wconf 88' lang='lat' dir='ltr'>temporis</span> <span class='ocrx_word' id='word_1_3' title='bbox 500 328 684 372; x_wconf 88' lang='lat' dir='ltr'>adicitur</span> <span class='ocrx_word' id='word_1_4' title='bbox 714 341 790 384; x_wconf 89' lang='lat' dir='ltr'>per</span> <span class='ocrx_word' id='word_1_5' title='bbox 818 345 926 382; x_wconf 76' lang='lat' dir='ltr'>quum</span> <span class='ocrx_word' id='word_1_6' title='bbox 952 352 1005 358; x_wconf 95' lang='lat'>—</span> <span class='ocrx_word' id='word_1_7' title='bbox 1030 333 1168 378; x_wconf 78' lang='lat' dir='ltr'>darem,</span> <span class='ocrx_word' id='word_1_8' title='bbox 1198 333 1244 371; x_wconf 91' lang='lat' dir='ltr'>ut</span> <span class='ocrx_word' id='word_1_9' title='bbox 1274 327 1636 385; x_wconf 87' lang='lat' dir='ltr'>interpretandum</span> <span class='ocrx_word' id='word_1_10' title='bbox 1660 327 1733 371; x_wconf 89' lang='lat' dir='ltr'>sit:</span> <span class='ocrx_word' id='word_1_11' title='bbox 1767 327 1937 383; x_wconf 90' lang='lat' dir='ltr'>„indem</span> <span class='ocrx_word' id='word_1_12' title='bbox 1962 327 2031 371; x_wconf 88' lang='lat' dir='ltr'>ich</span> <span class='ocrx_word' id='word_1_13' title='bbox 2056 330 2262 386; x_wconf 83' lang='lat' dir='ltr'>zuglcich,</span> <span class='ocrx_word' id='word_1_14' title='bbox 2294 331 2494 375; x_wconf 69' lang='lat' dir='ltr'>wahrend</span> <span class='ocrx_word' id='word_1_15' title='bbox 2518 329 2585 374; x_wconf 89' lang='lat' dir='ltr'>ich</span> 
     </span>
     <span class='ocr_line' id='line_1_3' title="bbox 272 395 2584 457; baseline -0 -15"><span class='ocrx_word' id='word_1_16' title='bbox 272 397 467 454; x_wconf 86' lang='lat' dir='ltr'>zugleich</span> <span class='ocrx_word' id='word_1_17' title='bbox 492 398 660 441; x_wconf 71' lang='lat' dir='ltr'>Kranze</span> <span class='ocrx_word' id='word_1_18' title='bbox 688 395 931 453; x_wconf 86' lang='lat' dir='ltr'>spendete“.</span> <span class='ocrx_word' id='word_1_19' title='bbox 980 395 1105 448; x_wconf 86' lang='lat' dir='ltr'>Quod</span> <span class='ocrx_word' id='word_1_20' title='bbox 1134 397 1360 453; x_wconf 88' lang='lat' dir='ltr'>saepiusne</span> <span class='ocrx_word' id='word_1_21' title='bbox 1389 396 1535 440; x_wconf 84' lang='lat' dir='ltr'>fecerit</span> <span class='ocrx_word' id='word_1_22' title='bbox 1563 410 1620 439; x_wconf 92' lang='lat' dir='ltr'>an</span> <span class='ocrx_word' id='word_1_23' title='bbox 1650 396 1793 451; x_wconf 87' lang='lat' dir='ltr'>semel,</span> <span class='ocrx_word' id='word_1_24' title='bbox 1823 395 1929 453; x_wconf 90' lang='lat' dir='ltr'>ipsis</span> <span class='ocrx_word' id='word_1_25' title='bbox 1958 395 2100 440; x_wconf 86' lang='lat' dir='ltr'>uerbis</span> <span class='ocrx_word' id='word_1_26' title='bbox 2130 412 2214 442; x_wconf 91' lang='lat' dir='ltr'>non</span> <span class='ocrx_word' id='word_1_27' title='bbox 2237 398 2425 443; x_wconf 83' lang='lat' dir='ltr'>declarat</span> <span class='ocrx_word' id='word_1_28' title='bbox 2448 403 2584 457; x_wconf 88' lang='lat' dir='ltr'>poeta.</span> 
     </span>
     <span class='ocr_line' id='line_1_4' title="bbox 268 464 2583 523; baseline 0 -13"><span class='ocrx_word' id='word_1_29' title='bbox 268 468 523 521; x_wconf 85' lang='lat' dir='ltr'><strong>Quanquam</strong></span> <span class='ocrx_word' id='word_1_30' title='bbox 552 479 632 509; x_wconf 90' lang='lat' dir='ltr'>nec</span> <span class='ocrx_word' id='word_1_31' title='bbox 663 466 834 509; x_wconf 76' lang='lat' dir='ltr'><strong>licuisse</strong></span> <span class='ocrx_word' id='word_1_32' title='bbox 863 479 938 521; x_wconf 87' lang='lat' dir='ltr'>per</span> <span class='ocrx_word' id='word_1_33' title='bbox 967 464 1118 508; x_wconf 85' lang='lat' dir='ltr'>Deliae</span> <span class='ocrx_word' id='word_1_34' title='bbox 1149 465 1374 520; x_wconf 84' lang='lat' dir='ltr'>coniugem</span> <span class='ocrx_word' id='word_1_35' title='bbox 1403 465 1531 508; x_wconf 89' lang='lat' dir='ltr'>talem</span> <span class='ocrx_word' id='word_1_36' title='bbox 1556 464 1754 508; x_wconf 85' lang='lat' dir='ltr'>adulterii</span> <span class='ocrx_word' id='word_1_37' title='bbox 1783 464 2108 508; x_wconf 85' lang='lat' dir='ltr'>ostentationem</span> <span class='ocrx_word' id='word_1_38' title='bbox 2133 468 2267 523; x_wconf 88' lang='lat' dir='ltr'>repeti</span> <span class='ocrx_word' id='word_1_39' title='bbox 2296 473 2349 522; x_wconf 92' lang='lat' dir='ltr'>et,</span> <span class='ocrx_word' id='word_1_40' title='bbox 2381 468 2418 511; x_wconf 88' lang='lat' dir='ltr'>si</span> <span class='ocrx_word' id='word_1_41' title='bbox 2443 467 2583 511; x_wconf 88' lang='lat' dir='ltr'>licuis-</span> 
     </span>
     <span class='ocr_line' id='line_1_5' title="bbox 267 531 2585 590; baseline -0.001 -11"><span class='ocrx_word' id='word_1_42' title='bbox 267 541 345 588; x_wconf 88' lang='lat' dir='ltr'>set,</span> <span class='ocrx_word' id='word_1_43' title='bbox 377 533 617 578; x_wconf 87' lang='lat' dir='ltr'>adulterum</span> <span class='ocrx_word' id='word_1_44' title='bbox 647 534 721 576; x_wconf 88' lang='lat' dir='ltr'>uix</span> <span class='ocrx_word' id='word_1_45' title='bbox 750 532 1146 590; x_wconf 86' lang='lat' dir='ltr'>praetermissurum</span> <span class='ocrx_word' id='word_1_46' title='bbox 1175 532 1308 576; x_wconf 86' lang='lat' dir='ltr'>fuisse</span> <span class='ocrx_word' id='word_1_47' title='bbox 1338 532 1557 590; x_wconf 83' lang='lat' dir='ltr'>probabile</span> <span class='ocrx_word' id='word_1_48' title='bbox 1587 537 1663 585; x_wconf 88' lang='lat' dir='ltr'>est,</span> <span class='ocrx_word' id='word_1_49' title='bbox 1695 531 1796 587; x_wconf 89' lang='lat' dir='ltr'>quin</span> <span class='ocrx_word' id='word_1_50' title='bbox 1827 532 2011 576; x_wconf 88' lang='lat' dir='ltr'>muneris</span> <span class='ocrx_word' id='word_1_51' title='bbox 2041 532 2272 578; x_wconf 84' lang='lat' dir='ltr'>identidem</span> <span class='ocrx_word' id='word_1_52' title='bbox 2302 536 2434 579; x_wconf 89' lang='lat' dir='ltr'>oblati</span> <span class='ocrx_word' id='word_1_53' title='bbox 2463 534 2585 578; x_wconf 87' lang='lat' dir='ltr'>meri-</span> 
     </span>
     <span class='ocr_line' id='line_1_6' title="bbox 270 600 2586 658; baseline 0 -12"><span class='ocrx_word' id='word_1_54' title='bbox 270 610 362 646; x_wconf 91' lang='lat' dir='ltr'>tum</span> <span class='ocrx_word' id='word_1_55' title='bbox 393 604 548 645; x_wconf 86' lang='lat' dir='ltr'>ianuae</span> <span class='ocrx_word' id='word_1_56' title='bbox 578 602 758 644; x_wconf 87' lang='lat' dir='ltr'>iactaret</span> <span class='ocrx_word' id='word_1_57' title='bbox 787 600 982 644; x_wconf 89' lang='lat' dir='ltr'>similiter</span> <span class='ocrx_word' id='word_1_58' title='bbox 1010 614 1060 643; x_wconf 89' lang='lat' dir='ltr'>ac</span> <span class='ocrx_word' id='word_1_59' title='bbox 1092 600 1280 656; x_wconf 87' lang='lat' dir='ltr'>Propert.</span> <span class='ocrx_word' id='word_1_60' title='bbox 1312 601 1412 644; x_wconf 83' lang='lat' dir='ltr'>fecit</span> <span class='ocrx_word' id='word_1_61' title='bbox 1443 602 1476 654; x_wconf 92' lang='lat'>1,</span> <span class='ocrx_word' id='word_1_62' title='bbox 1511 603 1576 654; x_wconf 85' lang='grc'>16,</span> <span class='ocrx_word' id='word_1_63' title='bbox 1605 602 1662 643; x_wconf 88' lang='grc'>43</span> <span class='ocrx_word' id='word_1_64' title='bbox 1692 611 1774 643; x_wconf 80' lang='lat' dir='ltr'>ante</span> <span class='ocrx_word' id='word_1_65' title='bbox 1800 611 1878 643; x_wconf 73' lang='lat' dir='ltr'>tuos</span> <span class='ocrx_word' id='word_1_66' title='bbox 1900 607 2057 654; x_wconf 73' lang='lat' dir='ltr'>quotime</span> <span class='ocrx_word' id='word_1_67' title='bbox 2085 608 2177 644; x_wconf 80' lang='lat' dir='ltr'>uerti</span> <span class='ocrx_word' id='word_1_68' title='bbox 2197 621 2264 653; x_wconf 84' lang='lat' dir='ltr'>me,</span> <span class='ocrx_word' id='word_1_69' title='bbox 2288 609 2440 658; x_wconf 74' lang='lat' dir='ltr'>perfida,</span> <span class='ocrx_word' id='word_1_70' title='bbox 2457 613 2586 657; x_wconf 67' lang='lat' dir='ltr'>postes,</span> 
     </span>
     <span class='ocr_line' id='line_1_7' title="bbox 270 672 1037 724; baseline -0.005 -11"><span class='ocrx_word' id='word_1_71' title='bbox 270 676 457 724; x_wconf 73' lang='lat' dir='ltr'>debitaque</span> <span class='ocrx_word' id='word_1_72' title='bbox 486 676 633 712; x_wconf 76' lang='lat' dir='ltr'>occultis</span> <span class='ocrx_word' id='word_1_73' title='bbox 661 681 743 711; x_wconf 80' lang='lat' dir='ltr'>uota</span> <span class='ocrx_word' id='word_1_74' title='bbox 774 674 838 710; x_wconf 77' lang='lat' dir='ltr'>tuli</span> <span class='ocrx_word' id='word_1_75' title='bbox 864 672 1037 710; x_wconf 70' lang='lat' dir='ltr'>manibus.</span> 
     </span>
    </p>
   </div>
   <div class='ocr_carea' id='block_1_2' title="bbox 874 826 1990 950">
    <p class='ocr_par' dir='ltr' id='par_1_2' title="bbox 874 826 1990 950">
     <span class='ocr_line' id='line_1_8' title="bbox 874 826 1990 879; baseline 0.001 -12"><span class='ocrx_word' id='word_1_76' title='bbox 874 826 938 868; x_wconf 83' lang='lat'>17.</span> <span class='ocrx_word' id='word_1_77' title='bbox 999 829 1069 867; x_wconf 74' lang='lat' dir='ltr'>[aa</span> <span class='ocrx_word' id='word_1_78' title='bbox 1090 830 1207 878; x_wconf 80' lang='lat' dir='ltr'>sanet.</span> <span class='ocrx_word' id='word_1_79' title='bbox 1238 843 1297 868; x_wconf 70' lang='lat' dir='ltr'>sen</span> <span class='ocrx_word' id='word_1_80' title='bbox 1326 832 1405 879; x_wconf 74' lang='lat' dir='ltr'>quis</span> <span class='ocrx_word' id='word_1_81' title='bbox 1434 832 1569 869; x_wconf 72' lang='lat' dir='ltr'>iuuenis</span> <span class='ocrx_word' id='word_1_82' title='bbox 1598 844 1691 869; x_wconf 79' lang='lat' dir='ltr'>noua</span> <span class='ocrx_word' id='word_1_83' title='bbox 1721 832 1841 868; x_wconf 81' lang='lat' dir='ltr'>limina</span> <span class='ocrx_word' id='word_1_84' title='bbox 1871 836 1990 874; x_wconf 78' lang='lat' dir='ltr'>tentat,</span> 
     </span>
     <span class='ocr_line' id='line_1_9' title="bbox 1059 897 1807 950; baseline -0.001 -14"><span class='ocrx_word' id='word_1_85' title='bbox 1059 897 1132 936; x_wconf 74' lang='lat' dir='ltr'>Seu</span> <span class='ocrx_word' id='word_1_86' title='bbox 1163 905 1298 937; x_wconf 75' lang='lat' dir='ltr'>reserat</span> <span class='ocrx_word' id='word_1_87' title='bbox 1315 899 1396 947; x_wconf 69' lang='lat' dir='ltr'>fixo</span> <span class='ocrx_word' id='word_1_88' title='bbox 1426 899 1528 937; x_wconf 82' lang='lat' dir='ltr'>dente</span> <span class='ocrx_word' id='word_1_89' title='bbox 1550 901 1672 950; x_wconf 75' lang='lat' dir='ltr'>puella</span> <span class='ocrx_word' id='word_1_90' title='bbox 1693 901 1807 948; x_wconf 81' lang='lat' dir='ltr'>sores.</span> 
     </span>
    </p>
   </div>
   <div class='ocr_carea' id='block_1_3' title="bbox 265 1007 2585 1335">
    <p class='ocr_par' dir='ltr' id='par_1_3' title="bbox 265 1007 2585 1335">
     <span class='ocr_line' id='line_1_10' title="bbox 475 1007 2583 1065; baseline -0 -13"><span class='ocrx_word' id='word_1_91' title='bbox 475 1014 547 1052; x_wconf 79' lang='lat' dir='ltr'>Seu</span> <span class='ocrx_word' id='word_1_92' title='bbox 576 1015 648 1061; x_wconf 81' lang='lat' dir='ltr'>qui</span> <span class='ocrx_word' id='word_1_93' title='bbox 676 1014 813 1050; x_wconf 61' lang='lat' dir='ltr'>iuuenis</span> <span class='ocrx_word' id='word_1_94' title='bbox 841 1008 1011 1063; x_wconf 81' lang='lat' dir='ltr'>scripsit</span> <span class='ocrx_word' id='word_1_95' title='bbox 1041 1009 1153 1050; x_wconf 90' lang='lat' dir='ltr'>Luc.</span> <span class='ocrx_word' id='word_1_96' title='bbox 1185 1008 1445 1063; x_wconf 80' lang='lat' dir='ltr'>Mullerus,</span> <span class='ocrx_word' id='word_1_97' title='bbox 1490 1010 1584 1064; x_wconf 85' lang='lat' dir='ltr'>lege</span> <span class='ocrx_word' id='word_1_98' title='bbox 1614 1009 1869 1065; x_wconf 83' lang='lat' dir='ltr'>euphoniae,</span> <span class='ocrx_word' id='word_1_99' title='bbox 1912 1022 2039 1063; x_wconf 92' lang='lat' dir='ltr'>quam</span> <span class='ocrx_word' id='word_1_100' title='bbox 2076 1007 2148 1050; x_wconf 85' lang='lat' dir='ltr'>uix</span> <span class='ocrx_word' id='word_1_101' title='bbox 2178 1022 2362 1064; x_wconf 89' lang='lat' dir='ltr'>unquam</span> <span class='ocrx_word' id='word_1_102' title='bbox 2394 1009 2583 1052; x_wconf 86' lang='lat' dir='ltr'>laesisset</span> 
     </span>
     <span class='ocr_line' id='line_1_11' title="bbox 271 1076 2584 1131; baseline -0.001 -9"><span class='ocrx_word' id='word_1_103' title='bbox 271 1078 478 1122; x_wconf 80' lang='lat' dir='ltr'>Tibullus.</span> <span class='ocrx_word' id='word_1_104' title='bbox 539 1076 648 1119; x_wconf 82' lang='lat' dir='ltr'>Vide</span> <span class='ocrx_word' id='word_1_105' title='bbox 680 1081 823 1119; x_wconf 81' lang='lat' dir='ltr'>tamen</span> <span class='ocrx_word' id='word_1_106' title='bbox 852 1077 885 1130; x_wconf 90' lang='lat' dir='ltr'>l,</span> <span class='ocrx_word' id='word_1_107' title='bbox 916 1078 957 1129; x_wconf 84' lang='lat'>3,</span> <span class='ocrx_word' id='word_1_108' title='bbox 987 1077 1015 1118; x_wconf 85' lang='grc'>4</span> <span class='ocrx_word' id='word_1_109' title='bbox 1051 1081 1228 1118; x_wconf 81' lang='lat' dir='ltr'>abstineas</span> <span class='ocrx_word' id='word_1_110' title='bbox 1262 1082 1414 1125; x_wconf 79' lang='lat' dir='ltr'>auidas‚·</span> <span class='ocrx_word' id='word_1_111' title='bbox 1453 1078 1499 1131; x_wconf 83' lang='lat'>4,</span> <span class='ocrx_word' id='word_1_112' title='bbox 1530 1079 1586 1120; x_wconf 75' lang='lat'>26</span> <span class='ocrx_word' id='word_1_113' title='bbox 1616 1082 1784 1130; x_wconf 77' lang='lat' dir='ltr'>adfirmes</span> <span class='ocrx_word' id='word_1_114' title='bbox 1818 1083 1950 1124; x_wconf 59' lang='lat' dir='ltr'>erbam</span> <span class='ocrx_word' id='word_1_115' title='bbox 1990 1077 2044 1118; x_wconf 80' lang='grc'>27</span> <span class='ocrx_word' id='word_1_116' title='bbox 2076 1087 2115 1118; x_wconf 77' lang='grc' dir='ltr'>ατ</span> <span class='ocrx_word' id='word_1_117' title='bbox 2147 1082 2181 1118; x_wconf 74' lang='lat' dir='ltr'>si</span> <span class='ocrx_word' id='word_1_118' title='bbox 2212 1082 2392 1120; x_wconf 78' lang='lat' dir='ltr'>tardueris</span> <span class='ocrx_word' id='word_1_119' title='bbox 2432 1081 2584 1124; x_wconf 75' lang='lat' dir='ltr'>errabis,-</span> 
     </span>
     <span class='ocr_line' id='line_1_12' title="bbox 268 1145 2582 1201; baseline -0 -12"><span class='ocrx_word' id='word_1_120' title='bbox 268 1149 308 1201; x_wconf 84' lang='lat'>5,</span> <span class='ocrx_word' id='word_1_121' title='bbox 341 1148 393 1190; x_wconf 81' lang='lat'>71</span> <span class='ocrx_word' id='word_1_122' title='bbox 425 1151 573 1200; x_wconf 81' lang='lat' dir='ltr'>quidam</span> <span class='ocrx_word' id='word_1_123' title='bbox 604 1151 679 1187; x_wconf 83' lang='lat' dir='ltr'>iam</span> <span class='ocrx_word' id='word_1_124' title='bbox 707 1161 819 1193; x_wconf 76' lang='lat' dir='ltr'>nunc3</span> <span class='ocrx_word' id='word_1_125' title='bbox 848 1147 888 1199; x_wconf 83' lang='grc'>6,</span> <span class='ocrx_word' id='word_1_126' title='bbox 920 1146 975 1187; x_wconf 76' lang='grc'>39</span> <span class='ocrx_word' id='word_1_127' title='bbox 1006 1156 1077 1187; x_wconf 79' lang='lat' dir='ltr'>tum</span> <span class='ocrx_word' id='word_1_128' title='bbox 1104 1151 1235 1199; x_wconf 81' lang='lat' dir='ltr'>procul</span> <span class='ocrx_word' id='word_1_129' title='bbox 1262 1150 1383 1187; x_wconf 68' lang='lat' dir='ltr'>ahsitts</span> <span class='ocrx_word' id='word_1_130' title='bbox 1411 1152 1567 1200; x_wconf 77' lang='lat' dir='ltr'>quisquis</span> <span class='ocrx_word' id='word_1_131' title='bbox 1596 1150 1700 1193; x_wconf 73' lang='lat' dir='ltr'>colis,-</span> <span class='ocrx_word' id='word_1_132' title='bbox 1729 1147 1768 1199; x_wconf 89' lang='lat'>9,</span> <span class='ocrx_word' id='word_1_133' title='bbox 1800 1146 1855 1188; x_wconf 79' lang='grc'>63</span> <span class='ocrx_word' id='word_1_134' title='bbox 1884 1150 1946 1187; x_wconf 80' lang='lat' dir='ltr'>illa</span> <span class='ocrx_word' id='word_1_135' title='bbox 1974 1149 2072 1186; x_wconf 81' lang='lat' dir='ltr'>nulla</span> <span class='ocrx_word' id='word_1_136' title='bbox 2101 1156 2207 1198; x_wconf 75' lang='lat' dir='ltr'>queat</span> <span class='ocrx_word' id='word_1_137' title='bbox 2235 1151 2375 1191; x_wconf 74' lang='lat' dir='ltr'>melius,-</span> <span class='ocrx_word' id='word_1_138' title='bbox 2405 1145 2582 1200; x_wconf 81' lang='lat' dir='ltr'>II,3,15</span> 
     </span>
     <span class='ocr_line' id='line_1_13' title="bbox 265 1213 2585 1268; baseline -0.001 -12"><span class='ocrx_word' id='word_1_139' title='bbox 265 1222 341 1268; x_wconf 77' lang='lat' dir='ltr'>ipse</span> <span class='ocrx_word' id='word_1_140' title='bbox 370 1218 458 1255; x_wconf 74' lang='lat' dir='ltr'>deus</span> <span class='ocrx_word' id='word_1_141' title='bbox 486 1218 625 1258; x_wconf 76' lang='lat' dir='ltr'>solitus,-</span> <span class='ocrx_word' id='word_1_142' title='bbox 655 1213 711 1254; x_wconf 83' lang='lat'>33</span> <span class='ocrx_word' id='word_1_143' title='bbox 741 1223 779 1253; x_wconf 80' lang='lat' dir='ltr'>at</span> <span class='ocrx_word' id='word_1_144' title='bbox 807 1223 844 1254; x_wconf 74' lang='lat' dir='ltr'>tu</span> <span class='ocrx_word' id='word_1_145' title='bbox 873 1218 1030 1266; x_wconf 73' lang='lat' dir='ltr'>quisquis</span> <span class='ocrx_word' id='word_1_146' title='bbox 1059 1219 1089 1253; x_wconf 76' lang='lat' dir='ltr'>is</span> <span class='ocrx_word' id='word_1_147' title='bbox 1119 1229 1173 1259; x_wconf 78' lang='lat' dir='ltr'>es;</span> <span class='ocrx_word' id='word_1_148' title='bbox 1203 1213 1258 1255; x_wconf 83' lang='lat'>53</span> <span class='ocrx_word' id='word_1_149' title='bbox 1288 1219 1349 1254; x_wconf 78' lang='lat' dir='ltr'>illa</span> <span class='ocrx_word' id='word_1_150' title='bbox 1378 1223 1481 1265; x_wconf 73' lang='lat' dir='ltr'>qerat</span> <span class='ocrx_word' id='word_1_151' title='bbox 1509 1223 1620 1254; x_wconf 71' lang='lat' dir='ltr'>uestes</span> <span class='ocrx_word' id='word_1_152' title='bbox 1648 1222 1784 1259; x_wconf 73' lang='lat' dir='ltr'>tenues3</span> <span class='ocrx_word' id='word_1_153' title='bbox 1812 1215 1853 1265; x_wconf 88' lang='lat'>4,</span> <span class='ocrx_word' id='word_1_154' title='bbox 1884 1214 1940 1254; x_wconf 82' lang='lat'>22</span> <span class='ocrx_word' id='word_1_155' title='bbox 1969 1229 2012 1254; x_wconf 81' lang='lat' dir='ltr'>ne</span> <span class='ocrx_word' id='word_1_156' title='bbox 2040 1218 2181 1253; x_wconf 66' lang='lat' dir='ltr'>iaceam</span> <span class='ocrx_word' id='word_1_157' title='bbox 2206 1218 2386 1261; x_wconf 67' lang='lat' dir='ltr'>clarumve,-</span> <span class='ocrx_word' id='word_1_158' title='bbox 2417 1217 2471 1256; x_wconf 76' lang='lat'>60</span> <span class='ocrx_word' id='word_1_159' title='bbox 2495 1219 2585 1254; x_wconf 81' lang='lat' dir='ltr'>mille</span> 
     </span>
     <span class='ocr_line' id='line_1_14' title="bbox 267 1279 2328 1335; baseline -0 -12"><span class='ocrx_word' id='word_1_160' title='bbox 267 1288 364 1323; x_wconf 79' lang='lat' dir='ltr'>alias</span> <span class='ocrx_word' id='word_1_161' title='bbox 393 1287 532 1323; x_wconf 77' lang='lat' dir='ltr'>herbas.</span> <span class='ocrx_word' id='word_1_162' title='bbox 591 1280 699 1322; x_wconf 86' lang='lat' dir='ltr'>Vide</span> <span class='ocrx_word' id='word_1_163' title='bbox 728 1285 944 1334; x_wconf 86' lang='lat' dir='ltr'>praeterea</span> <span class='ocrx_word' id='word_1_164' title='bbox 979 1279 1212 1334; x_wconf 88' lang='lat' dir='ltr'>Kemperi</span> <span class='ocrx_word' id='word_1_165' title='bbox 1242 1286 1403 1333; x_wconf 87' lang='lat' dir='ltr'>quaest.</span> <span class='ocrx_word' id='word_1_166' title='bbox 1435 1280 1664 1322; x_wconf 83' lang='lat' dir='ltr'>Tibullian.</span> <span class='ocrx_word' id='word_1_167' title='bbox 1697 1281 1920 1323; x_wconf 83' lang='lat' dir='ltr'>Monaster.</span> <span class='ocrx_word' id='word_1_168' title='bbox 1951 1279 2016 1322; x_wconf 89' lang='lat' dir='ltr'>ed.</span> <span class='ocrx_word' id='word_1_169' title='bbox 2053 1280 2159 1322; x_wconf 73' lang='lat'>1857</span> <span class='ocrx_word' id='word_1_170' title='bbox 2190 1295 2230 1335; x_wconf 88' lang='lat' dir='ltr'>p.</span> <span class='ocrx_word' id='word_1_171' title='bbox 2266 1282 2328 1323; x_wconf 78' lang='lat'>17.</span> 
     </span>
    </p>
   </div>
   <div class='ocr_carea' id='block_1_4' title="bbox 870 1437 1984 1490">
    <p class='ocr_par' dir='ltr' id='par_1_4' title="bbox 870 1437 1984 1490">
     <span class='ocr_line' id='line_1_15' title="bbox 870 1437 1984 1490; baseline 0 -11"><span class='ocrx_word' id='word_1_172' title='bbox 870 1437 937 1480; x_wconf 68' lang='grc' dir='ltr'>Ξῖ).</span> <span class='ocrx_word' id='word_1_173' title='bbox 999 1441 1061 1479; x_wconf 82' lang='lat' dir='ltr'>En</span> <span class='ocrx_word' id='word_1_174' title='bbox 1092 1454 1156 1489; x_wconf 73' lang='lat' dir='ltr'>eqo</span> <span class='ocrx_word' id='word_1_175' title='bbox 1185 1455 1291 1490; x_wconf 75' lang='lat' dir='ltr'>quum</span> <span class='ocrx_word' id='word_1_176' title='bbox 1321 1442 1470 1480; x_wconf 69' lang='lat' dir='ltr'>tmzebris</span> <span class='ocrx_word' id='word_1_177' title='bbox 1496 1447 1569 1479; x_wconf 79' lang='lat' dir='ltr'>tota</span> <span class='ocrx_word' id='word_1_178' title='bbox 1598 1454 1714 1490; x_wconf 72' lang='lat' dir='ltr'>uaqor</span> <span class='ocrx_word' id='word_1_179' title='bbox 1742 1443 1870 1479; x_wconf 64' lang='lat' dir='ltr'>ana-ius</span> <span class='ocrx_word' id='word_1_180' title='bbox 1899 1442 1984 1479; x_wconf 78' lang='lat' dir='ltr'>urbe</span> 
     </span>
    </p>
   </div>
   <div class='ocr_carea' id='block_1_5' title="bbox 262 1584 2585 2183">
    <p class='ocr_par' dir='ltr' id='par_1_5' title="bbox 262 1584 2585 2183">
     <span class='ocr_line' id='line_1_16' title="bbox 471 1584 2584 1642; baseline -0 -14"><span class='ocrx_word' id='word_1_181' title='bbox 471 1585 648 1642; x_wconf 79' lang='lat' dir='ltr'>Recepit</span> <span class='ocrx_word' id='word_1_182' title='bbox 680 1584 790 1627; x_wconf 87' lang='lat' dir='ltr'>hunc</span> <span class='ocrx_word' id='word_1_183' title='bbox 821 1584 1113 1627; x_wconf 83' lang='lat' dir='ltr'>hexametrum</span> <span class='ocrx_word' id='word_1_184' title='bbox 1146 1584 1192 1626; x_wconf 68' lang='lat'>1..</span> <span class='ocrx_word' id='word_1_185' title='bbox 1224 1584 1485 1638; x_wconf 77' lang='lat' dir='ltr'>Mullcrus3</span> <span class='ocrx_word' id='word_1_186' title='bbox 1517 1597 1592 1641; x_wconf 89' lang='lat' dir='ltr'>pro</span> <span class='ocrx_word' id='word_1_187' title='bbox 1623 1589 1883 1640; x_wconf 82' lang='lat' dir='ltr'>pentametro</span> <span class='ocrx_word' id='word_1_188' title='bbox 1916 1584 2093 1627; x_wconf 83' lang='lat' dir='ltr'>lacunae</span> <span class='ocrx_word' id='word_1_189' title='bbox 2123 1585 2292 1640; x_wconf 79' lang='lat' dir='ltr'>signum</span> <span class='ocrx_word' id='word_1_190' title='bbox 2322 1586 2479 1642; x_wconf 67' lang='lat' dir='ltr'>posuit,</span> <span class='ocrx_word' id='word_1_191' title='bbox 2511 1585 2584 1627; x_wconf 87' lang='lat' dir='ltr'>sed</span> 
     </span>
     <span class='ocr_line' id='line_1_17' title="bbox 263 1652 2582 1710; baseline -0.002 -12"><span class='ocrx_word' id='word_1_192' title='bbox 263 1669 348 1698; x_wconf 90' lang='lat' dir='ltr'>non</span> <span class='ocrx_word' id='word_1_193' title='bbox 380 1658 601 1697; x_wconf 84' lang='lat' dir='ltr'>numerato</span> <span class='ocrx_word' id='word_1_194' title='bbox 632 1652 814 1695; x_wconf 89' lang='lat' dir='ltr'>disticho</span> <span class='ocrx_word' id='word_1_195' title='bbox 846 1652 1043 1708; x_wconf 82' lang='lat' dir='ltr'>uigesimi</span> <span class='ocrx_word' id='word_1_196' title='bbox 1074 1652 1209 1707; x_wconf 87' lang='lat' dir='ltr'>quinti</span> <span class='ocrx_word' id='word_1_197' title='bbox 1246 1666 1418 1694; x_wconf 89' lang='lat' dir='ltr'>numero</span> <span class='ocrx_word' id='word_1_198' title='bbox 1442 1653 1681 1709; x_wconf 90' lang='lat' dir='ltr'>proximum</span> <span class='ocrx_word' id='word_1_199' title='bbox 1706 1666 1874 1694; x_wconf 87' lang='lat' dir='ltr'>uersum</span> <span class='ocrx_word' id='word_1_200' title='bbox 1904 1655 1985 1702; x_wconf 83' lang='lat' dir='ltr'>(nec</span> <span class='ocrx_word' id='word_1_201' title='bbox 2007 1659 2088 1693; x_wconf 72' lang='lat' dir='ltr'>sinit</span> <span class='ocrx_word' id='word_1_202' title='bbox 2110 1664 2256 1694; x_wconf 80' lang='lat' dir='ltr'>occurat</span> <span class='ocrx_word' id='word_1_203' title='bbox 2280 1654 2582 1710; x_wconf 22' lang='lat' dir='ltr'>—)4signauit.</span> 
     </span>
     <span class='ocr_line' id='line_1_18' title="bbox 263 1720 2582 1776; baseline -0 -12"><span class='ocrx_word' id='word_1_204' title='bbox 263 1724 354 1764; x_wconf 82' lang='lat' dir='ltr'>Hoc</span> <span class='ocrx_word' id='word_1_205' title='bbox 388 1735 471 1776; x_wconf 92' lang='lat' dir='ltr'>quo</span> <span class='ocrx_word' id='word_1_206' title='bbox 503 1721 681 1763; x_wconf 89' lang='lat' dir='ltr'>consilio</span> <span class='ocrx_word' id='word_1_207' title='bbox 712 1720 872 1773; x_wconf 83' lang='lat' dir='ltr'>fecerit,</span> <span class='ocrx_word' id='word_1_208' title='bbox 916 1734 1000 1762; x_wconf 87' lang='lat' dir='ltr'>non</span> <span class='ocrx_word' id='word_1_209' title='bbox 1030 1720 1136 1762; x_wconf 86' lang='lat' dir='ltr'>satis</span> <span class='ocrx_word' id='word_1_210' title='bbox 1166 1721 1388 1775; x_wconf 86' lang='lat' dir='ltr'>perspicio.</span> <span class='ocrx_word' id='word_1_211' title='bbox 1447 1721 1613 1763; x_wconf 86' lang='lat' dir='ltr'>Etenim</span> <span class='ocrx_word' id='word_1_212' title='bbox 1650 1726 1723 1762; x_wconf 87' lang='lat' dir='ltr'>aut</span> <span class='ocrx_word' id='word_1_213' title='bbox 1761 1722 1976 1763; x_wconf 86' lang='lat' dir='ltr'>solitarius</span> <span class='ocrx_word' id='word_1_214' title='bbox 2018 1721 2090 1763; x_wconf 89' lang='lat' dir='ltr'>ille</span> <span class='ocrx_word' id='word_1_215' title='bbox 2126 1721 2388 1775; x_wconf 85' lang='lat' dir='ltr'>hexameter,</span> <span class='ocrx_word' id='word_1_216' title='bbox 2434 1723 2471 1763; x_wconf 86' lang='lat' dir='ltr'>si</span> <span class='ocrx_word' id='word_1_217' title='bbox 2502 1736 2582 1763; x_wconf 89' lang='lat' dir='ltr'>non</span> 
     </span>
     <span class='ocr_line' id='line_1_19' title="bbox 264 1787 2584 1843; baseline -0.001 -11"><span class='ocrx_word' id='word_1_218' title='bbox 264 1789 578 1841; x_wconf 85' lang='lat' dir='ltr'>numerabatur,</span> <span class='ocrx_word' id='word_1_219' title='bbox 611 1788 738 1830; x_wconf 90' lang='lat' dir='ltr'>simul</span> <span class='ocrx_word' id='word_1_220' title='bbox 769 1802 845 1843; x_wconf 88' lang='lat' dir='ltr'>pro</span> <span class='ocrx_word' id='word_1_221' title='bbox 875 1787 1091 1829; x_wconf 87' lang='lat' dir='ltr'>subditiuo</span> <span class='ocrx_word' id='word_1_222' title='bbox 1122 1787 1332 1828; x_wconf 88' lang='lat' dir='ltr'>notandus</span> <span class='ocrx_word' id='word_1_223' title='bbox 1368 1792 1442 1828; x_wconf 87' lang='lat' dir='ltr'>aut</span> <span class='ocrx_word' id='word_1_224' title='bbox 1478 1788 1762 1829; x_wconf 87' lang='lat' dir='ltr'>numerandus</span> <span class='ocrx_word' id='word_1_225' title='bbox 1793 1795 1882 1830; x_wconf 88' lang='lat' dir='ltr'>erat</span> <span class='ocrx_word' id='word_1_226' title='bbox 1923 1793 1964 1830; x_wconf 90' lang='lat' dir='ltr'>et</span> <span class='ocrx_word' id='word_1_227' title='bbox 1994 1788 2085 1842; x_wconf 86' lang='lat' dir='ltr'>ipse</span> <span class='ocrx_word' id='word_1_228' title='bbox 2115 1793 2156 1829; x_wconf 89' lang='lat' dir='ltr'>et</span> <span class='ocrx_word' id='word_1_229' title='bbox 2186 1789 2438 1843; x_wconf 81' lang='lat' dir='ltr'>pentametri</span> <span class='ocrx_word' id='word_1_230' title='bbox 2468 1789 2584 1830; x_wconf 83' lang='lat' dir='ltr'>locus</span> 
     </span>
     <span class='ocr_line' id='line_1_20' title="bbox 264 1855 2583 1912; baseline -0.001 -12"><span class='ocrx_word' id='word_1_231' title='bbox 264 1872 439 1912; x_wconf 89' lang='lat' dir='ltr'>uacuus,</span> <span class='ocrx_word' id='word_1_232' title='bbox 473 1858 510 1900; x_wconf 92' lang='lat' dir='ltr'>si</span> <span class='ocrx_word' id='word_1_233' title='bbox 540 1857 812 1899; x_wconf 87' lang='lat' dir='ltr'>Tibullianus</span> <span class='ocrx_word' id='word_1_234' title='bbox 843 1856 914 1898; x_wconf 90' lang='lat' dir='ltr'>illc</span> <span class='ocrx_word' id='word_1_235' title='bbox 946 1856 1192 1898; x_wconf 80' lang='lat' dir='ltr'>habebatur.</span> <span class='ocrx_word' id='word_1_236' title='bbox 1253 1856 1385 1910; x_wconf 88' lang='lat' dir='ltr'>Atqui</span> <span class='ocrx_word' id='word_1_237' title='bbox 1413 1870 1498 1898; x_wconf 91' lang='lat' dir='ltr'>non</span> <span class='ocrx_word' id='word_1_238' title='bbox 1529 1856 1653 1898; x_wconf 89' lang='lat' dir='ltr'>modo</span> <span class='ocrx_word' id='word_1_239' title='bbox 1690 1856 1780 1912; x_wconf 87' lang='lat' dir='ltr'>ipse</span> <span class='ocrx_word' id='word_1_240' title='bbox 1815 1870 1890 1912; x_wconf 89' lang='lat' dir='ltr'>per</span> <span class='ocrx_word' id='word_1_241' title='bbox 1919 1870 1964 1899; x_wconf 91' lang='lat' dir='ltr'>se</span> <span class='ocrx_word' id='word_1_242' title='bbox 1994 1856 2099 1898; x_wconf 90' lang='lat' dir='ltr'>nihil</span> <span class='ocrx_word' id='word_1_243' title='bbox 2129 1855 2257 1899; x_wconf 87' lang='lat' dir='ltr'>habet</span> <span class='ocrx_word' id='word_1_244' title='bbox 2298 1870 2372 1898; x_wconf 87' lang='lat' dir='ltr'>cur</span> <span class='ocrx_word' id='word_1_245' title='bbox 2401 1857 2583 1910; x_wconf 90' lang='lat' dir='ltr'>tollatur,</span> 
     </span>
     <span class='ocr_line' id='line_1_21' title="bbox 262 1924 2585 1979; baseline -0.001 -10"><span class='ocrx_word' id='word_1_246' title='bbox 262 1926 340 1969; x_wconf 89' lang='lat' dir='ltr'>sed</span> <span class='ocrx_word' id='word_1_247' title='bbox 371 1926 501 1969; x_wconf 88' lang='lat' dir='ltr'>etiam</span> <span class='ocrx_word' id='word_1_248' title='bbox 533 1939 583 1968; x_wconf 89' lang='lat' dir='ltr'>ea</span> <span class='ocrx_word' id='word_1_249' title='bbox 615 1924 841 1978; x_wconf 87' lang='lat' dir='ltr'>sententia,</span> <span class='ocrx_word' id='word_1_250' title='bbox 874 1924 994 1967; x_wconf 88' lang='lat' dir='ltr'>cuius</span> <span class='ocrx_word' id='word_1_251' title='bbox 1024 1924 1191 1966; x_wconf 89' lang='lat' dir='ltr'>initium</span> <span class='ocrx_word' id='word_1_252' title='bbox 1222 1924 1408 1979; x_wconf 89' lang='lat' dir='ltr'>praebet,</span> <span class='ocrx_word' id='word_1_253' title='bbox 1441 1924 1519 1966; x_wconf 89' lang='lat' dir='ltr'>hoc</span> <span class='ocrx_word' id='word_1_254' title='bbox 1550 1924 1643 1967; x_wconf 90' lang='lat' dir='ltr'>loco</span> <span class='ocrx_word' id='word_1_255' title='bbox 1679 1924 1917 1967; x_wconf 82' lang='lat' dir='ltr'>necessaria</span> <span class='ocrx_word' id='word_1_256' title='bbox 1949 1930 2031 1979; x_wconf 89' lang='lat' dir='ltr'>est,</span> <span class='ocrx_word' id='word_1_257' title='bbox 2075 1924 2189 1979; x_wconf 92' lang='lat' dir='ltr'>quod</span> <span class='ocrx_word' id='word_1_258' title='bbox 2218 1941 2282 1966; x_wconf 84' lang='lat' dir='ltr'>nec</span> <span class='ocrx_word' id='word_1_259' title='bbox 2309 1931 2391 1966; x_wconf 77' lang='lat' dir='ltr'>sinit</span> <span class='ocrx_word' id='word_1_260' title='bbox 2419 1937 2585 1966; x_wconf 80' lang='lat' dir='ltr'>occurrat</span> 
     </span>
     <span class='ocr_line' id='line_1_22' title="bbox 264 1991 2582 2048; baseline -0.002 -12"><span class='ocrx_word' id='word_1_261' title='bbox 264 1993 382 2036; x_wconf 92' lang='lat' dir='ltr'>nullo</span> <span class='ocrx_word' id='word_1_262' title='bbox 425 1992 550 2035; x_wconf 88' lang='lat' dir='ltr'>modo</span> <span class='ocrx_word' id='word_1_263' title='bbox 592 1996 731 2048; x_wconf 87' lang='lat' dir='ltr'>potest</span> <span class='ocrx_word' id='word_1_264' title='bbox 774 1991 975 2047; x_wconf 82' lang='lat' dir='ltr'>coniungi</span> <span class='ocrx_word' id='word_1_265' title='bbox 1018 2004 1113 2033; x_wconf 90' lang='lat' dir='ltr'>cum</span> <span class='ocrx_word' id='word_1_266' title='bbox 1157 2004 1281 2033; x_wconf 84' lang='lat' dir='ltr'>uersu</span> <span class='ocrx_word' id='word_1_267' title='bbox 1325 1991 1532 2046; x_wconf 86' lang='lat' dir='ltr'>superiori</span> <span class='ocrx_word' id='word_1_268' title='bbox 1573 2008 1638 2033; x_wconf 82' lang='lat' dir='ltr'>nec</span> <span class='ocrx_word' id='word_1_269' title='bbox 1681 1997 1781 2033; x_wconf 68' lang='lat' dir='ltr'>&lt;ioca</span> <span class='ocrx_word' id='word_1_270' title='bbox 1809 1997 1875 2033; x_wconf 76' lang='lat' dir='ltr'>hoc</span> <span class='ocrx_word' id='word_1_271' title='bbox 1905 2008 2039 2040; x_wconf 73' lang='lat' dir='ltr'>omnes,</span> <span class='ocrx_word' id='word_1_272' title='bbox 2080 1997 2125 2034; x_wconf 90' lang='lat' dir='ltr'>ut</span> <span class='ocrx_word' id='word_1_273' title='bbox 2156 1991 2395 2046; x_wconf 81' lang='lat' dir='ltr'>Regelius</span> <span class='ocrx_word' id='word_1_274' title='bbox 2427 1992 2582 2047; x_wconf 84' lang='lat' dir='ltr'>(progr.</span> 
     </span>
     <span class='ocr_line' id='line_1_23' title="bbox 265 2058 2585 2116; baseline -0.001 -13"><span class='ocrx_word' id='word_1_275' title='bbox 265 2075 410 2116; x_wconf 85' lang='lat' dir='ltr'>gymn.</span> <span class='ocrx_word' id='word_1_276' title='bbox 456 2074 541 2115; x_wconf 84' lang='lat' dir='ltr'>reg.</span> <span class='ocrx_word' id='word_1_277' title='bbox 585 2059 864 2103; x_wconf 87' lang='lat' dir='ltr'>Postamiens.</span> <span class='ocrx_word' id='word_1_278' title='bbox 903 2073 941 2101; x_wconf 88' lang='lat' dir='ltr'>a.</span> <span class='ocrx_word' id='word_1_279' title='bbox 978 2060 1086 2101; x_wconf 80' lang='lat'>1839</span> <span class='ocrx_word' id='word_1_280' title='bbox 1128 2059 1193 2102; x_wconf 88' lang='lat' dir='ltr'>ed.</span> <span class='ocrx_word' id='word_1_281' title='bbox 1232 2072 1271 2114; x_wconf 93' lang='lat' dir='ltr'>p.</span> <span class='ocrx_word' id='word_1_282' title='bbox 1309 2060 1383 2113; x_wconf 82' lang='grc'><strong>4.),</strong></span> <span class='ocrx_word' id='word_1_283' title='bbox 1425 2059 1716 2114; x_wconf 87' lang='lat' dir='ltr'>Dissenius,</span> <span class='ocrx_word' id='word_1_284' title='bbox 1771 2059 1846 2101; x_wconf 88' lang='lat' dir='ltr'>alii</span> <span class='ocrx_word' id='word_1_285' title='bbox 1887 2058 2293 2102; x_wconf 87' lang='lat' dir='ltr'>dcmonstrauerunt.</span> <span class='ocrx_word' id='word_1_286' title='bbox 2353 2059 2490 2110; x_wconf 85' lang='lat' dir='ltr'>Quam</span> <span class='ocrx_word' id='word_1_287' title='bbox 2532 2059 2585 2101; x_wconf 89' lang='lat' dir='ltr'>ob</span> 
     </span>
     <span class='ocr_line' id='line_1_24' title="bbox 262 2127 2582 2183; baseline -0.001 -11"><span class='ocrx_word' id='word_1_288' title='bbox 262 2142 451 2182; x_wconf 88' lang='lat' dir='ltr'>causam,</span> <span class='ocrx_word' id='word_1_289' title='bbox 479 2141 604 2182; x_wconf 79' lang='lat' dir='ltr'>quern</span> <span class='ocrx_word' id='word_1_290' title='bbox 630 2140 798 2171; x_wconf 89' lang='lat' dir='ltr'>uersum</span> <span class='ocrx_word' id='word_1_291' title='bbox 812 2127 928 2170; x_wconf 83' lang='lat' dir='ltr'>Mun.</span> <span class='ocrx_word' id='word_1_292' title='bbox 955 2127 1208 2182; x_wconf 83' lang='lat' dir='ltr'>nigesimum</span> <span class='ocrx_word' id='word_1_293' title='bbox 1233 2127 1425 2181; x_wconf 86' lang='lat' dir='ltr'>quintum</span> <span class='ocrx_word' id='word_1_294' title='bbox 1446 2127 1696 2179; x_wconf 87' lang='lat' dir='ltr'>numerauit,</span> <span class='ocrx_word' id='word_1_295' title='bbox 1722 2141 1800 2182; x_wconf 83' lang='lat' dir='ltr'>ego</span> <span class='ocrx_word' id='word_1_296' title='bbox 1820 2127 2049 2170; x_wconf 85' lang='lat' dir='ltr'>numerabo</span> <span class='ocrx_word' id='word_1_297' title='bbox 2068 2127 2321 2183; x_wconf 82' lang='lat' dir='ltr'>uigesimum</span> <span class='ocrx_word' id='word_1_298' title='bbox 2347 2127 2582 2183; x_wconf 87' lang='lat' dir='ltr'>septimum.</span> 
     </span>
    </p>
   </div>
   <div class='ocr_carea' id='block_1_6' title="bbox 919 2286 1929 2405">
    <p class='ocr_par' dir='ltr' id='par_1_6' title="bbox 919 2286 1929 2405">
     <span class='ocr_line' id='line_1_25' title="bbox 919 2286 1929 2338; baseline 0.001 -12"><span class='ocrx_word' id='word_1_299' title='bbox 919 2286 986 2328; x_wconf 77' lang='lat'>35.</span> <span class='ocrx_word' id='word_1_300' title='bbox 1048 2290 1196 2327; x_wconf 81' lang='lat' dir='ltr'>Parcite</span> <span class='ocrx_word' id='word_1_301' title='bbox 1225 2290 1411 2327; x_wconf 77' lang='lat' dir='ltr'>luminibus</span> <span class='ocrx_word' id='word_1_302' title='bbox 1440 2303 1499 2327; x_wconf 73' lang='lat' dir='ltr'>sen</span> <span class='ocrx_word' id='word_1_303' title='bbox 1530 2291 1588 2327; x_wconf 78' lang='lat' dir='ltr'>uir</span> <span class='ocrx_word' id='word_1_304' title='bbox 1616 2303 1676 2327; x_wconf 76' lang='lat' dir='ltr'>seu</span> <span class='ocrx_word' id='word_1_305' title='bbox 1699 2289 1838 2338; x_wconf 79' lang='lat' dir='ltr'>semina</span> <span class='ocrx_word' id='word_1_306' title='bbox 1859 2290 1929 2337; x_wconf 78' lang='lat' dir='ltr'>fiae</span> 
     </span>
     <span class='ocr_line' id='line_1_26' title="bbox 1106 2358 1867 2405; baseline 0 -10"><span class='ocrx_word' id='word_1_307' title='bbox 1106 2358 1244 2395; x_wconf 76' lang='lat' dir='ltr'>Obm&#39;a:</span> <span class='ocrx_word' id='word_1_308' title='bbox 1275 2359 1386 2395; x_wconf 79' lang='lat' dir='ltr'>celari</span> <span class='ocrx_word' id='word_1_309' title='bbox 1413 2359 1486 2395; x_wconf 76' lang='lat' dir='ltr'>uult</span> <span class='ocrx_word' id='word_1_310' title='bbox 1514 2372 1581 2395; x_wconf 70' lang='lat' dir='ltr'>sua</span> <span class='ocrx_word' id='word_1_311' title='bbox 1603 2358 1709 2405; x_wconf 78' lang='lat' dir='ltr'>furta</span> <span class='ocrx_word' id='word_1_312' title='bbox 1743 2358 1867 2395; x_wconf 64' lang='lat' dir='ltr'>Venus.</span> 
     </span>
    </p>
   </div>
   <div class='ocr_carea' id='block_1_7' title="bbox 261 2465 2584 3266">
    <p class='ocr_par' dir='ltr' id='par_1_7' title="bbox 261 2465 2584 3266">
     <span class='ocr_line' id='line_1_27' title="bbox 470 2465 2584 2521; baseline -0 -13"><span class='ocrx_word' id='word_1_313' title='bbox 470 2466 589 2517; x_wconf 83' lang='lat' dir='ltr'>Quae</span> <span class='ocrx_word' id='word_1_314' title='bbox 632 2466 686 2508; x_wconf 88' lang='lat' dir='ltr'>ab</span> <span class='ocrx_word' id='word_1_315' title='bbox 730 2465 795 2508; x_wconf 82' lang='lat' dir='ltr'>his</span> <span class='ocrx_word' id='word_1_316' title='bbox 838 2465 1031 2508; x_wconf 78' lang='lat' dir='ltr'>uersibus</span> <span class='ocrx_word' id='word_1_317' title='bbox 1069 2479 1201 2519; x_wconf 77' lang='lat' dir='ltr'>usque</span> <span class='ocrx_word' id='word_1_318' title='bbox 1233 2465 1288 2507; x_wconf 87' lang='lat' dir='ltr'>ad</span> <span class='ocrx_word' id='word_1_319' title='bbox 1319 2478 1357 2507; x_wconf 92' lang='lat' dir='ltr'>u.</span> <span class='ocrx_word' id='word_1_320' title='bbox 1390 2467 1445 2507; x_wconf 87' lang='grc'>43</span> <span class='ocrx_word' id='word_1_321' title='bbox 1477 2465 1557 2519; x_wconf 84' lang='lat' dir='ltr'>(nec</span> <span class='ocrx_word' id='word_1_322' title='bbox 1585 2475 1702 2507; x_wconf 80' lang='lat' dir='ltr'>tamen</span> <span class='ocrx_word' id='word_1_323' title='bbox 1731 2470 1811 2507; x_wconf 79' lang='lat' dir='ltr'>huic</span> <span class='ocrx_word' id='word_1_324' title='bbox 1842 2470 1960 2507; x_wconf 66' lang='lat' dir='ltr'>creda</span> <span class='ocrx_word' id='word_1_325' title='bbox 1990 2472 2063 2519; x_wconf 91' lang='lat'>—)</span> <span class='ocrx_word' id='word_1_326' title='bbox 2099 2466 2315 2521; x_wconf 86' lang='lat' dir='ltr'>praecepit</span> <span class='ocrx_word' id='word_1_327' title='bbox 2353 2471 2395 2507; x_wconf 85' lang='lat' dir='ltr'>et</span> <span class='ocrx_word' id='word_1_328' title='bbox 2426 2467 2584 2508; x_wconf 88' lang='lat' dir='ltr'>monuit</span> 
     </span>
     <span class='ocr_line' id='line_1_28' title="bbox 262 2532 2582 2590; baseline 0 -14"><span class='ocrx_word' id='word_1_329' title='bbox 262 2539 404 2590; x_wconf 87' lang='lat' dir='ltr'>poeta,</span> <span class='ocrx_word' id='word_1_330' title='bbox 437 2547 519 2576; x_wconf 89' lang='lat' dir='ltr'>non</span> <span class='ocrx_word' id='word_1_331' title='bbox 551 2533 607 2575; x_wconf 90' lang='lat' dir='ltr'>ad</span> <span class='ocrx_word' id='word_1_332' title='bbox 638 2538 955 2589; x_wconf 86' lang='lat' dir='ltr'>praetereuntes</span> <span class='ocrx_word' id='word_1_333' title='bbox 989 2533 1033 2575; x_wconf 90' lang='lat' dir='ltr'>in</span> <span class='ocrx_word' id='word_1_334' title='bbox 1065 2534 1149 2587; x_wconf 88' lang='lat' dir='ltr'>uia,</span> <span class='ocrx_word' id='word_1_335' title='bbox 1182 2533 1258 2576; x_wconf 86' lang='lat' dir='ltr'>scd</span> <span class='ocrx_word' id='word_1_336' title='bbox 1289 2533 1344 2576; x_wconf 88' lang='lat' dir='ltr'>ad</span> <span class='ocrx_word' id='word_1_337' title='bbox 1375 2547 1448 2576; x_wconf 90' lang='lat' dir='ltr'>eos</span> <span class='ocrx_word' id='word_1_338' title='bbox 1474 2533 1693 2576; x_wconf 82' lang='lat' dir='ltr'>referenda</span> <span class='ocrx_word' id='word_1_339' title='bbox 1717 2539 1826 2586; x_wconf 89' lang='lat' dir='ltr'>sunt,</span> <span class='ocrx_word' id='word_1_340' title='bbox 1859 2533 1931 2588; x_wconf 91' lang='lat' dir='ltr'>qui</span> <span class='ocrx_word' id='word_1_341' title='bbox 1961 2532 2131 2576; x_wconf 86' lang='lat' dir='ltr'>easdem</span> <span class='ocrx_word' id='word_1_342' title='bbox 2162 2533 2290 2577; x_wconf 84' lang='lat' dir='ltr'>aedes</span> <span class='ocrx_word' id='word_1_343' title='bbox 2321 2533 2509 2576; x_wconf 89' lang='lat' dir='ltr'>incolunt</span> <span class='ocrx_word' id='word_1_344' title='bbox 2533 2548 2582 2577; x_wconf 84' lang='lat' dir='ltr'>ac</span> 
     </span>
     <span class='ocr_line' id='line_1_29' title="bbox 263 2601 2582 2657; baseline 0 -13"><span class='ocrx_word' id='word_1_345' title='bbox 263 2602 402 2655; x_wconf 84' lang='lat' dir='ltr'>Delia,</span> <span class='ocrx_word' id='word_1_346' title='bbox 433 2601 489 2644; x_wconf 90' lang='lat' dir='ltr'>ad</span> <span class='ocrx_word' id='word_1_347' title='bbox 520 2601 739 2645; x_wconf 89' lang='lat' dir='ltr'>seruitium</span> <span class='ocrx_word' id='word_1_348' title='bbox 771 2602 966 2645; x_wconf 85' lang='lat' dir='ltr'>maxime.</span> <span class='ocrx_word' id='word_1_349' title='bbox 1030 2605 1102 2644; x_wconf 82' lang='lat' dir='ltr'>Seu</span> <span class='ocrx_word' id='word_1_350' title='bbox 1123 2607 1281 2653; x_wconf 50' lang='lat' dir='ltr'>femina.</span> <span class='ocrx_word' id='word_1_351' title='bbox 1314 2601 1461 2655; x_wconf 90' lang='lat' dir='ltr'>inquit,</span> <span class='ocrx_word' id='word_1_352' title='bbox 1482 2607 1554 2654; x_wconf 81' lang='lat' dir='ltr'>fiat</span> <span class='ocrx_word' id='word_1_353' title='bbox 1582 2606 1697 2644; x_wconf 80' lang='lat' dir='ltr'>obuia.</span> <span class='ocrx_word' id='word_1_354' title='bbox 1758 2602 1852 2644; x_wconf 86' lang='lat' dir='ltr'>Non</span> <span class='ocrx_word' id='word_1_355' title='bbox 1884 2601 2020 2657; x_wconf 90' lang='lat' dir='ltr'>potuit</span> <span class='ocrx_word' id='word_1_356' title='bbox 2049 2609 2253 2657; x_wconf 85' lang='lat' dir='ltr'>metuere,</span> <span class='ocrx_word' id='word_1_357' title='bbox 2298 2615 2349 2644; x_wconf 89' lang='lat' dir='ltr'>ne</span> <span class='ocrx_word' id='word_1_358' title='bbox 2380 2606 2582 2645; x_wconf 88' lang='lat' dir='ltr'>nocturno</span> 
     </span>
     <span class='ocr_line' id='line_1_30' title="bbox 262 2668 2581 2725; baseline 0 -13"><span class='ocrx_word' id='word_1_359' title='bbox 262 2676 451 2725; x_wconf 88' lang='lat' dir='ltr'>tempore</span> <span class='ocrx_word' id='word_1_360' title='bbox 480 2669 638 2712; x_wconf 82' lang='lat' dir='ltr'>femina</span> <span class='ocrx_word' id='word_1_361' title='bbox 669 2674 898 2723; x_wconf 85' lang='lat' dir='ltr'>uagaretur</span> <span class='ocrx_word' id='word_1_362' title='bbox 927 2669 970 2711; x_wconf 91' lang='lat' dir='ltr'>in</span> <span class='ocrx_word' id='word_1_363' title='bbox 1001 2668 1183 2724; x_wconf 88' lang='lat' dir='ltr'>publico.</span> <span class='ocrx_word' id='word_1_364' title='bbox 1244 2669 1409 2711; x_wconf 80' lang='lat' dir='ltr'>Nomen</span> <span class='ocrx_word' id='word_1_365' title='bbox 1434 2682 1635 2724; x_wconf 87' lang='lat' dir='ltr'>quaerere</span> <span class='ocrx_word' id='word_1_366' title='bbox 1662 2673 1777 2711; x_wconf 89' lang='lat' dir='ltr'>uetat</span> <span class='ocrx_word' id='word_1_367' title='bbox 1802 2668 1949 2712; x_wconf 92' lang='lat' dir='ltr'>obuios</span> <span class='ocrx_word' id='word_1_368' title='bbox 1978 2674 2052 2712; x_wconf 82' lang='lat' dir='ltr'>aut</span> <span class='ocrx_word' id='word_1_369' title='bbox 2076 2669 2213 2712; x_wconf 81' lang='lat' dir='ltr'>facem</span> <span class='ocrx_word' id='word_1_370' title='bbox 2239 2668 2320 2711; x_wconf 89' lang='lat' dir='ltr'>sibi</span> <span class='ocrx_word' id='word_1_371' title='bbox 2345 2668 2581 2712; x_wconf 85' lang='lat' dir='ltr'>admouere.</span> 
     </span>
     <span class='ocr_line' id='line_1_31' title="bbox 262 2735 2580 2794; baseline -0 -13"><span class='ocrx_word' id='word_1_372' title='bbox 262 2738 354 2781; x_wconf 89' lang='lat' dir='ltr'>Hoc</span> <span class='ocrx_word' id='word_1_373' title='bbox 380 2737 503 2780; x_wconf 86' lang='lat' dir='ltr'>unice</span> <span class='ocrx_word' id='word_1_374' title='bbox 534 2736 788 2780; x_wconf 85' lang='lat' dir='ltr'>famulorum</span> <span class='ocrx_word' id='word_1_375' title='bbox 813 2741 916 2793; x_wconf 87' lang='lat' dir='ltr'>erat,</span> <span class='ocrx_word' id='word_1_376' title='bbox 948 2736 985 2779; x_wconf 89' lang='lat' dir='ltr'>si</span> <span class='ocrx_word' id='word_1_377' title='bbox 1009 2736 1103 2792; x_wconf 87' lang='lat' dir='ltr'>quis</span> <span class='ocrx_word' id='word_1_378' title='bbox 1128 2750 1273 2781; x_wconf 88' lang='lat' dir='ltr'>eorum</span> <span class='ocrx_word' id='word_1_379' title='bbox 1298 2736 1404 2780; x_wconf 85' lang='lat' dir='ltr'>forte</span> <span class='ocrx_word' id='word_1_380' title='bbox 1429 2736 1473 2779; x_wconf 92' lang='lat' dir='ltr'>in</span> <span class='ocrx_word' id='word_1_381' title='bbox 1495 2735 1620 2779; x_wconf 90' lang='lat' dir='ltr'>domo</span> <span class='ocrx_word' id='word_1_382' title='bbox 1645 2742 1894 2780; x_wconf 86' lang='lat' dir='ltr'>occurrerat.</span> <span class='ocrx_word' id='word_1_383' title='bbox 1938 2737 2146 2794; x_wconf 86' lang='lat' dir='ltr'>Denique,</span> <span class='ocrx_word' id='word_1_384' title='bbox 2177 2737 2214 2781; x_wconf 86' lang='lat' dir='ltr'>si</span> <span class='ocrx_word' id='word_1_385' title='bbox 2239 2737 2332 2792; x_wconf 90' lang='lat' dir='ltr'>quis</span> <span class='ocrx_word' id='word_1_386' title='bbox 2357 2737 2580 2793; x_wconf 86' lang='lat' dir='ltr'>aspexerit,</span> 
     </span>
     <span class='ocr_line' id='line_1_32' title="bbox 263 2804 2579 2860; baseline 0 -13"><span class='ocrx_word' id='word_1_387' title='bbox 263 2811 309 2847; x_wconf 92' lang='lat' dir='ltr'>ut</span> <span class='ocrx_word' id='word_1_388' title='bbox 342 2806 491 2847; x_wconf 86' lang='lat' dir='ltr'>Deliae</span> <span class='ocrx_word' id='word_1_389' title='bbox 523 2805 695 2859; x_wconf 87' lang='lat' dir='ltr'>coniugi</span> <span class='ocrx_word' id='word_1_390' title='bbox 725 2806 904 2859; x_wconf 90' lang='lat' dir='ltr'>occulat,</span> <span class='ocrx_word' id='word_1_391' title='bbox 948 2805 1149 2858; x_wconf 89' lang='lat' dir='ltr'>hortatur,</span> <span class='ocrx_word' id='word_1_392' title='bbox 1181 2811 1255 2847; x_wconf 91' lang='lat' dir='ltr'>aut</span> <span class='ocrx_word' id='word_1_393' title='bbox 1285 2805 1322 2846; x_wconf 87' lang='lat' dir='ltr'>si</span> <span class='ocrx_word' id='word_1_394' title='bbox 1353 2805 1407 2847; x_wconf 82' lang='lat' dir='ltr'>ab</span> <span class='ocrx_word' id='word_1_395' title='bbox 1437 2819 1487 2847; x_wconf 89' lang='lat' dir='ltr'>eo</span> <span class='ocrx_word' id='word_1_396' title='bbox 1519 2804 1765 2859; x_wconf 88' lang='lat' dir='ltr'>inquisitum</span> <span class='ocrx_word' id='word_1_397' title='bbox 1802 2806 1874 2858; x_wconf 88' lang='lat' dir='ltr'>sit,</span> <span class='ocrx_word' id='word_1_398' title='bbox 1917 2805 2188 2848; x_wconf 89' lang='lat' dir='ltr'>iureiurando</span> <span class='ocrx_word' id='word_1_399' title='bbox 2218 2805 2464 2860; x_wconf 86' lang='lat' dir='ltr'>interposito</span> <span class='ocrx_word' id='word_1_400' title='bbox 2495 2819 2579 2848; x_wconf 92' lang='lat' dir='ltr'>rem</span> 
     </span>
     <span class='ocr_line' id='line_1_33' title="bbox 262 2872 2581 2927; baseline 0 -13"><span class='ocrx_word' id='word_1_401' title='bbox 262 2880 401 2927; x_wconf 88' lang='lat' dir='ltr'>neget.</span> <span class='ocrx_word' id='word_1_402' title='bbox 464 2874 535 2914; x_wconf 85' lang='lat' dir='ltr'>lus</span> <span class='ocrx_word' id='word_1_403' title='bbox 567 2872 807 2927; x_wconf 86' lang='lat' dir='ltr'>inquirendi</span> <span class='ocrx_word' id='word_1_404' title='bbox 838 2873 1010 2926; x_wconf 82' lang='lat' dir='ltr'>coniugi</span> <span class='ocrx_word' id='word_1_405' title='bbox 1048 2873 1110 2913; x_wconf 91' lang='lat' dir='ltr'>illi</span> <span class='ocrx_word' id='word_1_406' title='bbox 1149 2887 1232 2914; x_wconf 89' lang='lat' dir='ltr'>nou</span> <span class='ocrx_word' id='word_1_407' title='bbox 1268 2880 1358 2915; x_wconf 80' lang='lat' dir='ltr'>crat</span> <span class='ocrx_word' id='word_1_408' title='bbox 1402 2873 1484 2914; x_wconf 90' lang='lat' dir='ltr'>nisi</span> <span class='ocrx_word' id='word_1_409' title='bbox 1523 2873 1566 2914; x_wconf 91' lang='lat' dir='ltr'>in</span> <span class='ocrx_word' id='word_1_410' title='bbox 1603 2873 1809 2915; x_wconf 83' lang='lat' dir='ltr'>familiam</span> <span class='ocrx_word' id='word_1_411' title='bbox 1839 2888 1978 2926; x_wconf 87' lang='lat' dir='ltr'>suam,</span> <span class='ocrx_word' id='word_1_412' title='bbox 2022 2889 2099 2916; x_wconf 90' lang='lat' dir='ltr'>nec</span> <span class='ocrx_word' id='word_1_413' title='bbox 2130 2873 2392 2927; x_wconf 81' lang='lat' dir='ltr'>detegendae</span> <span class='ocrx_word' id='word_1_414' title='bbox 2421 2874 2581 2915; x_wconf 81' lang='lat' dir='ltr'>fraudis</span> 
     </span>
     <span class='ocr_line' id='line_1_34' title="bbox 263 2940 2580 2995; baseline -0 -13"><span class='ocrx_word' id='word_1_415' title='bbox 263 2940 405 2982; x_wconf 85' lang='lat' dir='ltr'>officio</span> <span class='ocrx_word' id='word_1_416' title='bbox 437 2940 661 2994; x_wconf 82' lang='lat' dir='ltr'>quisquam</span> <span class='ocrx_word' id='word_1_417' title='bbox 692 2940 907 2994; x_wconf 83' lang='lat' dir='ltr'>obligatus</span> <span class='ocrx_word' id='word_1_418' title='bbox 937 2946 1027 2982; x_wconf 88' lang='lat' dir='ltr'>crat</span> <span class='ocrx_word' id='word_1_419' title='bbox 1070 2946 1238 2994; x_wconf 85' lang='lat' dir='ltr'>praeter</span> <span class='ocrx_word' id='word_1_420' title='bbox 1274 2940 1464 2983; x_wconf 89' lang='lat' dir='ltr'>homines</span> <span class='ocrx_word' id='word_1_421' title='bbox 1500 2940 1766 2982; x_wconf 82' lang='lat' dir='ltr'>domesticos.</span> <span class='ocrx_word' id='word_1_422' title='bbox 1826 2941 2043 2984; x_wconf 87' lang='lat' dir='ltr'>Habemus</span> <span class='ocrx_word' id='word_1_423' title='bbox 2072 2942 2218 2995; x_wconf 82' lang='lat' dir='ltr'>igitur,</span> <span class='ocrx_word' id='word_1_424' title='bbox 2262 2945 2308 2981; x_wconf 87' lang='lat' dir='ltr'>ut</span> <span class='ocrx_word' id='word_1_425' title='bbox 2338 2940 2422 2980; x_wconf 89' lang='lat' dir='ltr'>iam</span> <span class='ocrx_word' id='word_1_426' title='bbox 2453 2941 2580 2982; x_wconf 77' lang='lat' dir='ltr'>totius</span> 
     </span>
     <span class='ocr_line' id='line_1_35' title="bbox 262 3007 2579 3062; baseline 0 -13"><span class='ocrx_word' id='word_1_427' title='bbox 262 3007 348 3050; x_wconf 92' lang='lat' dir='ltr'>loci</span> <span class='ocrx_word' id='word_1_428' title='bbox 379 3007 741 3062; x_wconf 84' lang='lat' dir='ltr'>elegantissimam</span> <span class='ocrx_word' id='word_1_429' title='bbox 772 3007 1121 3062; x_wconf 82' lang='lat' dir='ltr'>compositionem</span> <span class='ocrx_word' id='word_1_430' title='bbox 1153 3007 1479 3061; x_wconf 82' lang='lat' dir='ltr'>consideremus,</span> <span class='ocrx_word' id='word_1_431' title='bbox 1512 3007 1596 3050; x_wconf 89' lang='lat' dir='ltr'>duo</span> <span class='ocrx_word' id='word_1_432' title='bbox 1626 3021 1781 3061; x_wconf 84' lang='lat' dir='ltr'>genera</span> <span class='ocrx_word' id='word_1_433' title='bbox 1811 3007 2109 3051; x_wconf 82' lang='lat' dir='ltr'>difficultatum</span> <span class='ocrx_word' id='word_1_434' title='bbox 2139 3014 2181 3050; x_wconf 87' lang='lat' dir='ltr'>et</span> <span class='ocrx_word' id='word_1_435' title='bbox 2206 3007 2485 3062; x_wconf 82' lang='lat' dir='ltr'>periculorum</span> <span class='ocrx_word' id='word_1_436' title='bbox 2510 3007 2579 3050; x_wconf 89' lang='lat' dir='ltr'>de-</span> 
     </span>
     <span class='ocr_line' id='line_1_36' title="bbox 261 3073 2580 3131; baseline 0 -14"><span class='ocrx_word' id='word_1_437' title='bbox 261 3074 435 3131; x_wconf 89' lang='lat' dir='ltr'>scripta,</span> <span class='ocrx_word' id='word_1_438' title='bbox 468 3088 577 3130; x_wconf 89' lang='lat' dir='ltr'>quae</span> <span class='ocrx_word' id='word_1_439' title='bbox 607 3074 644 3117; x_wconf 91' lang='lat' dir='ltr'>si</span> <span class='ocrx_word' id='word_1_440' title='bbox 675 3075 769 3129; x_wconf 89' lang='lat' dir='ltr'>quis</span> <span class='ocrx_word' id='word_1_441' title='bbox 793 3089 936 3118; x_wconf 89' lang='lat' dir='ltr'>amore</span> <span class='ocrx_word' id='word_1_442' title='bbox 961 3080 1167 3129; x_wconf 89' lang='lat' dir='ltr'>teneatur,</span> <span class='ocrx_word' id='word_1_443' title='bbox 1198 3075 1366 3118; x_wconf 83' lang='lat' dir='ltr'>fauente</span> <span class='ocrx_word' id='word_1_444' title='bbox 1392 3076 1554 3118; x_wconf 86' lang='lat' dir='ltr'>Venere</span> <span class='ocrx_word' id='word_1_445' title='bbox 1578 3075 1704 3118; x_wconf 86' lang='lat' dir='ltr'>facile</span> <span class='ocrx_word' id='word_1_446' title='bbox 1729 3076 1923 3130; x_wconf 85' lang='lat' dir='ltr'>perferat.</span> <span class='ocrx_word' id='word_1_447' title='bbox 1973 3076 2161 3118; x_wconf 88' lang='lat' dir='ltr'>Primum</span> <span class='ocrx_word' id='word_1_448' title='bbox 2184 3075 2295 3117; x_wconf 91' lang='lat' dir='ltr'>enim</span> <span class='ocrx_word' id='word_1_449' title='bbox 2322 3073 2379 3127; x_wconf 84' lang='lat' dir='ltr'>(u.</span> <span class='ocrx_word' id='word_1_450' title='bbox 2394 3075 2580 3127; x_wconf 78' lang='lat'>25—32)</span> 
     </span>
     <span class='ocr_line' id='line_1_37' title="bbox 263 3142 2579 3198; baseline 0 -14"><span class='ocrx_word' id='word_1_451' title='bbox 263 3156 373 3195; x_wconf 85' lang='lat' dir='ltr'>quae</span> <span class='ocrx_word' id='word_1_452' title='bbox 399 3142 442 3184; x_wconf 91' lang='lat' dir='ltr'>in</span> <span class='ocrx_word' id='word_1_453' title='bbox 469 3143 539 3184; x_wconf 90' lang='lat' dir='ltr'>uia</span> <span class='ocrx_word' id='word_1_454' title='bbox 571 3143 845 3198; x_wconf 86' lang='lat' dir='ltr'>perpetienda</span> <span class='ocrx_word' id='word_1_455' title='bbox 870 3148 979 3194; x_wconf 90' lang='lat' dir='ltr'>sunt,</span> <span class='ocrx_word' id='word_1_456' title='bbox 1011 3143 1260 3185; x_wconf 85' lang='lat' dir='ltr'>sicariorum</span> <span class='ocrx_word' id='word_1_457' title='bbox 1285 3143 1480 3196; x_wconf 87' lang='lat' dir='ltr'>insidiae,</span> <span class='ocrx_word' id='word_1_458' title='bbox 1507 3144 1716 3184; x_wconf 89' lang='lat' dir='ltr'>latronum</span> <span class='ocrx_word' id='word_1_459' title='bbox 1741 3144 1945 3196; x_wconf 87' lang='lat' dir='ltr'>incursus,</span> <span class='ocrx_word' id='word_1_460' title='bbox 1977 3144 2148 3198; x_wconf 83' lang='lat' dir='ltr'>iniquae</span> <span class='ocrx_word' id='word_1_461' title='bbox 2173 3147 2444 3197; x_wconf 87' lang='lat' dir='ltr'>tempestates</span> <span class='ocrx_word' id='word_1_462' title='bbox 2469 3157 2579 3185; x_wconf 85' lang='lat' dir='ltr'>com-</span> 
     </span>
     <span class='ocr_line' id='line_1_38' title="bbox 263 3210 2162 3266; baseline 0.001 -14"><span class='ocrx_word' id='word_1_463' title='bbox 263 3217 570 3263; x_wconf 72' lang='lat' dir='ltr'>memorantur,</span> <span class='ocrx_word' id='word_1_464' title='bbox 603 3210 755 3254; x_wconf 87' lang='lat' dir='ltr'>deinde</span> <span class='ocrx_word' id='word_1_465' title='bbox 786 3211 989 3254; x_wconf 87' lang='lat' dir='ltr'>transitus</span> <span class='ocrx_word' id='word_1_466' title='bbox 1020 3217 1195 3266; x_wconf 87' lang='lat' dir='ltr'>paratur</span> <span class='ocrx_word' id='word_1_467' title='bbox 1226 3224 1263 3252; x_wconf 93' lang='lat' dir='ltr'>u.</span> <span class='ocrx_word' id='word_1_468' title='bbox 1295 3212 1361 3252; x_wconf 81' lang='lat'>33.</span> <span class='ocrx_word' id='word_1_469' title='bbox 1394 3213 1450 3252; x_wconf 79' lang='lat'>34</span> <span class='ocrx_word' id='word_1_470' title='bbox 1480 3210 1534 3252; x_wconf 84' lang='lat' dir='ltr'>ad</span> <span class='ocrx_word' id='word_1_471' title='bbox 1566 3211 1744 3253; x_wconf 86' lang='lat' dir='ltr'>alterum</span> <span class='ocrx_word' id='word_1_472' title='bbox 1775 3225 1908 3266; x_wconf 87' lang='lat' dir='ltr'>genus</span> <span class='ocrx_word' id='word_1_473' title='bbox 1938 3212 2162 3254; x_wconf 84' lang='lat' dir='ltr'>malorum:</span> 
     </span>
    </p>
   </div>
   <div class='ocr_carea' id='block_1_8' title="bbox 895 3317 1922 3433">
    <p class='ocr_par' dir='ltr' id='par_1_8' title="bbox 895 3317 1922 3433">
     <span class='ocr_line' id='line_1_39' title="bbox 895 3317 1922 3366; baseline 0.001 -13"><span class='ocrx_word' id='word_1_474' title='bbox 895 3317 979 3354; x_wconf 81' lang='lat' dir='ltr'>Non</span> <span class='ocrx_word' id='word_1_475' title='bbox 1011 3317 1112 3354; x_wconf 80' lang='lat' dir='ltr'>labor</span> <span class='ocrx_word' id='word_1_476' title='bbox 1139 3317 1195 3353; x_wconf 79' lang='lat' dir='ltr'>hic</span> <span class='ocrx_word' id='word_1_477' title='bbox 1225 3317 1344 3361; x_wconf 66' lang='lat' dir='ltr'>laedit,</span> <span class='ocrx_word' id='word_1_478' title='bbox 1374 3323 1503 3354; x_wconf 74' lang='lat' dir='ltr'>reseret</span> <span class='ocrx_word' id='word_1_479' title='bbox 1533 3318 1638 3353; x_wconf 82' lang='lat' dir='ltr'>modo</span> <span class='ocrx_word' id='word_1_480' title='bbox 1668 3317 1775 3354; x_wconf 82' lang='lat' dir='ltr'>Delia</span> <span class='ocrx_word' id='word_1_481' title='bbox 1802 3325 1922 3366; x_wconf 74' lang='lat' dir='ltr'>postes</span> 
     </span>
     <span class='ocr_line' id='line_1_40' title="bbox 952 3384 1800 3433; baseline -0.001 -11"><span class='ocrx_word' id='word_1_482' title='bbox 952 3385 1006 3422; x_wconf 78' lang='lat' dir='ltr'>Ec</span> <span class='ocrx_word' id='word_1_483' title='bbox 1035 3391 1136 3422; x_wconf 79' lang='lat' dir='ltr'>uocet</span> <span class='ocrx_word' id='word_1_484' title='bbox 1164 3384 1217 3421; x_wconf 85' lang='lat' dir='ltr'>ad</span> <span class='ocrx_word' id='word_1_485' title='bbox 1246 3385 1348 3433; x_wconf 73' lang='lat' dir='ltr'>diqiti</span> <span class='ocrx_word' id='word_1_486' title='bbox 1375 3397 1429 3421; x_wconf 86' lang='lat' dir='ltr'>me</span> <span class='ocrx_word' id='word_1_487' title='bbox 1458 3386 1637 3422; x_wconf 73' lang='lat' dir='ltr'>taciturna</span> <span class='ocrx_word' id='word_1_488' title='bbox 1666 3398 1800 3422; x_wconf 73' lang='lat' dir='ltr'>sonum.</span> 
     </span>
    </p>
   </div>
  </div>
 </body>
</html>
