3043 3838
1422 172 1449 215 3

484 310 743 368 Gruppius
774 308 861 363 (die
890 307 1100 350 romische
1128 307 1277 363 Elegie
1305 308 1340 364 Ι,
1370 321 1411 364 p.
1444 307 1565 363 181):

867 413 973 452 Doch
1001 416 1072 452 mir
1099 413 1204 452 lieber-
1236 413 1360 452 ber-eiu
1387 414 1445 451 die
1472 413 1604 452 Armua
1637 414 1811 462 mmqes
1838 411 1982 456 Lebem

484 528 575 570 Bin
584 526 642 567 de
650 537 731 566 rus
763 524 930 578 (Albius
954 524 1160 565 Tibullus.
1220 523 1410 564 Deutsch
1434 524 1478 563 in
1503 523 1578 564 der
1599 522 1836 564 Versweise
1860 522 1935 563 der
1958 522 2178 564 Urschrift.
2212 522 2422 577 Stuttgart
2439 523 2585 576 1862):

839 629 941 669 Mioh
969 629 1038 668 sou
1063 629 1196 680 karqer
1224 629 1346 668 Besitz
1381 610 1518 666 mamus
1552 616 1684 666 dardis
1712 626 1838 665 Lebm
1871 627 2026 676 qdeiten.

490 739 759 784 Dissenius
790 739 852 782 sio
880 739 1198 794 interpretatur:
1234 742 1324 780 Cum
1352 743 1443 779 alio-5
1465 748 1665 791 paupertas
1693 742 1749 779 ad
1774 742 1934 779 militiam
1962 742 2092 787 trahat,
2121 748 2159 780 ut
2187 742 2331 780 diuitias
2357 743 2427 781 sibi
2450 750 2589 792 paron,

283 829 338 855 me
365 828 445 854 mea
472 825 541 851 non
570 811 704 861 cupida
726 817 927 860 paupertas
955 816 988 847 et
1009 823 1131 860 paruo
1160 815 1319 847 concaua
1347 808 1572 847 mediocritas
1600 809 1653 846 ad
1680 811 1789 846 otium
1811 810 1932 858 poam
1958 821 2120 846 securum
2147 810 2327 847 traducat.
2384 805 2590 849 Similiter

282 879 414 922 Frid.
445 875 663 919 Haasius
695 873 799 927 (ind.
830 873 924 916 leet.
956 873 1148 916 Vniuers.
1174 873 1401 916 Vratislau.
1427 886 1466 914 a.
1494 872 1605 914 1855
1628 872 1692 914 ed.
1717 886 1758 927 p.
1789 872 1872 925 14).
1932 872 2173 927 Perperam,
2197 873 2242 915 ni
2265 872 2402 927 fallor,
2428 887 2586 917 omnes.

280 948 347 988 An
376 944 528 987 inertia
556 941 663 983 nihil
692 940 831 983 differt
859 955 887 982 a
915 940 1222 994 tranquillitate
1252 945 1294 982 et
1322 939 1438 983 otio?
1489 939 1648 982 Inertia
1677 953 1843 994 semper
1878 938 2043 993 aliquid
2077 939 2415 994 reprehensionis
2444 941 2587 995 habet,

278 1018 324 1056 ut
347 1013 387 1056 ei
410 1010 628 1062 obiciatur,
655 1007 728 1062 qui
746 1007 875 1050 alicui
896 1007 1067 1063 negotio
1091 1006 1361 1062 exsequendo
1384 1007 1523 1063 impar
1545 1020 1638 1050 esse
1662 1006 1829 1050 uidetur
1852 1006 2088 1061 (untahigk
2114 1007 2187 1049 cfr.
2202 1007 2314 1050 infra
2337 1021 2377 1051 u.
2397 1008 2453 1051 58
2471 1014 2590 1060 eeqnzzs·

277 1087 435 1134 inersque
462 1093 587 1123 nocer,-
619 1076 670 1118 71
702 1082 796 1117 iners
819 1086 930 1117 aetas.
978 1075 1126 1129 Itaque
1155 1082 1250 1117 iners
1276 1080 1353 1117 uita
1375 1075 1456 1118 hoc
1485 1075 1579 1118 loeo
1604 1075 1694 1118 eius
1724 1079 1800 1129 est,
1832 1075 1905 1128 qui
1940 1075 2054 1128 quod
2083 1075 2279 1118 militiam
2308 1075 2516 1119 detrectat
2545 1082 2588 1119 et

278 1148 451 1190 diuitias
479 1145 591 1187 bello
622 1149 845 1198 congestas
875 1143 1067 1199 despicit,
1098 1144 1260 1186 nullum
1289 1143 1400 1187 inter
1428 1143 1544 1187 ciues
1574 1143 1736 1187 obtinet
1765 1156 1985 1187 numerum
2015 1143 2103 1197 (ein
2134 1142 2298 1187 thaten-
2329 1144 2416 1187 und
2445 1144 2586 1187 ruhm-

279 1216 388 1259 loses
416 1211 591 1266 Leben).
651 1210 958 1267 Conjunctiuus
988 1216 1130 1255 autem
1154 1212 1361 1264 (traducat)
1385 1225 1470 1255 non
1498 1211 1698 1267 optantis,
1731 1210 1807 1255 sed
1836 1210 2106 1255 concedentis
2136 1216 2212 1266 est,
2243 1216 2439 1267 totusque
2469 1212 2587 1256 locus

279 1283 339 1326 ita
375 1279 594 1337 explanari
623 1278 765 1323 debet:
827 1279 1000 1335 „Patiar
1040 1293 1107 1323 me
1141 1283 1313 1335 propter
1341 1279 1518 1323 militiae
1548 1279 1895 1324 detrectationem
1926 1283 1968 1323 et
2005 1284 2297 1336 paupertatem
2327 1293 2465 1324 meam
2496 1281 2588 1323 sine

279 1363 415 1394 rerum
438 1352 653 1404 gestarum
677 1347 817 1401 laude,
844 1347 937 1390 sine
959 1347 1117 1390 honore
1141 1352 1183 1390 et
1207 1347 1414 1402 dignitate
1438 1348 1572 1390 uitam
1594 1347 1761 1403 degere,
1789 1347 2016 1389 dummodo
2041 1347 2148 1389 cet.“
2196 1348 2374 1403 Degere,
2400 1349 2587 1402 inquam,

278 1418 421 1461 uitam.
480 1415 648 1458 Etenim
682 1421 759 1457 uita
787 1421 907 1464 mer-ti,
949 1415 1023 1469 qui
1058 1415 1272 1457 ablatiuus
1302 1428 1426 1469 quem
1455 1420 1610 1457 uocant
1639 1415 1736 1457 uiae
1766 1420 1847 1469 est,
1899 1429 1983 1456 non
2012 1422 2108 1456 uitae
2136 1421 2241 1457 inerti
2267 1421 2457 1458 traducere
2485 1417 2587 1458 seri—

278 1485 460 1529 bendum
488 1484 594 1527 mihi
622 1489 922 1539 persuaserunt
950 1485 1063 1526 Luc.
1095 1485 1337 1527 Mullerus
1374 1483 1568 1537 (praefat.
1599 1481 1699 1525 edit.
1731 1482 1824 1524 Tib.
1856 1497 1896 1538 p.
1927 1483 2042 1537 VIII,
2079 1482 2153 1525 cfr.
2184 1497 2224 1538 p.
2256 1483 2354 1537 XV)
2384 1489 2426 1526 et
2455 1484 2586 1526 Frid.

279 1554 493 1596 Haasius
518 1552 563 1606 (l.
589 1553 615 1593 l.
641 1566 681 1607 p.
710 1552 795 1605 13).

479 1620 582 1663 Post
610 1633 718 1663 uers.
745 1622 771 1662 6
796 1619 927 1662 Frid.
953 1620 1193 1675 Haasius‚
1224 1618 1419 1663 acerrimi
1453 1618 1614 1674 ingenii
1649 1618 1732 1674 uir,
1769 1619 1889 1662 cuius
1926 1619 2110 1674 uestigia
2140 1618 2209 1663 hic
2240 1619 2470 1675 premenda
2500 1620 2586 1663 cui-

281 1702 458 1743 cumque
498 1688 727 1743 genuinam
769 1688 969 1732 carminis
1004 1688 1261 1744 elegantiam
1296 1687 1514 1733 restituere
1543 1686 1661 1730 cordi
1690 1691 1771 1742 est,
1817 1687 1863 1742 (l.
1895 1687 1920 1730 l.
1953 1701 1993 1743 p.
2024 1689 2075 1731 10
2099 1687 2210 1743 sqq.)
2241 1701 2388 1731 uersus
2418 1689 2587 1731 25—34

279 1756 464 1800 inseruit.
533 1756 596 1799 Ac
637 1756 817 1812 primum
860 1755 1029 1811 quidem
1070 1760 1203 1799 totam
1244 1756 1335 1800 eius
1377 1755 1685 1800 ordinationem
1727 1754 2002 1798 distichorum
2045 1760 2086 1798 et
2127 1755 2446 1812 dispositionem
2487 1762 2586 1800 ante

279 1824 424 1868 oeulos
455 1838 622 1881 ponam.

891 1939 1077 1982 Diuitias
1107 1940 1216 1983 alius
1245 1940 1363 1983 fuluo
1393 1941 1475 1984 sibi
1505 1946 1706 1995 congerat
1735 1955 1838 1984 auro

958 2008 1013 2050 Et
1042 2012 1184 2052 teneat
1215 2008 1317 2051 culti
1345 2008 1493 2062 iugera
1522 2009 1655 2052 multa
1685 2009 1778 2063 soli,

888 2074 1022 2127 Quem
1052 2076 1173 2119 labor
1195 2075 1391 2120 assiduus
1421 2076 1561 2120 uicino
1590 2082 1745 2120 terreat
1774 2076 1907 2131 hoste,

959 2144 1113 2186 Martia
1143 2143 1212 2186 cui
1242 2157 1411 2187 somnos
1441 2145 1621 2187 classica
1650 2145 1774 2200 pulsa
1802 2144 1969 2199 fugent:

785 2212 812 2254 5
889 2212 957 2254 Me
986 2224 1083 2254 mea
1110 2216 1339 2267 paupertas
1370 2212 1459 2254 uita
1487 2212 1683 2255 traducat
1712 2212 1849 2267 inerti,

957 2280 1070 2321 Dum
1099 2292 1217 2322 meus
1247 2279 1419 2322 assiduo
1450 2280 1589 2323 luceat
1617 2280 1716 2335 igne
1746 2280 1877 2323 focus.

551 2348 642 2402 (25)
889 2348 981 2389 Iam
1009 2347 1147 2402 modo,
1177 2348 1264 2389 iam
1293 2361 1467 2403 possum
1496 2353 1716 2391 contentus
1746 2348 1890 2391 uiuere
1919 2363 2051 2404 paruo

956 2415 1046 2457 Nec
1076 2429 1242 2471 semper
1271 2415 1424 2471 longae
1453 2415 1621 2459 deditus
1650 2431 1743 2459 esse
1773 2416 1881 2470 uiae,

891 2482 976 2525 Sed
1006 2482 1135 2526 Canis
1165 2483 1352 2526 aestiuos
1381 2489 1496 2527 ortus
1526 2484 1662 2527 uitare
1692 2484 1770 2527 sub
1800 2484 1950 2527 umbra

760 2553 812 2594 10
956 2551 1129 2593 Arboris
1159 2551 1216 2594 ad
1245 2552 1359 2594 riuos
1389 2552 1695 2607 praetereuntis
1725 2566 1874 2605 aquae.

888 2619 978 2662 Nec
1007 2623 1149 2661 tamen
1178 2619 1389 2665 interdum
1417 2619 1575 2675 pudeat
1604 2620 1790 2663 tenuisse
1819 2620 2011 2663 bidentes

550 2687 641 2741 (30)
955 2688 1041 2729 Aut
1071 2688 1240 2730 stimulo
1270 2688 1414 2731 tardos
1444 2688 1704 2743 increpuisse
1734 2689 1884 2742 boues3

887 2756 983 2797 Non
1013 2769 1223 2809 agnamue
1252 2756 1348 2799 sinu
1377 2757 1523 2811 pigeat
1551 2757 1736 2799 fetumue
1766 2756 1955 2810 capellae

956 2823 1136 2866 Deserta
1165 2824 1297 2866 oblita
1325 2829 1460 2867 matre
1489 2824 1643 2867 referre
1672 2823 1855 2866 domum.

760 2893 811 2935 15
887 2892 944 2934 At
972 2905 1049 2934 uos
1078 2891 1234 2946 exiguo
1263 2892 1406 2947 pecori
1435 2892 1631 2946 furesque
1661 2891 1833 2947 lupique

550 2959 641 3014 (34)
956 2959 1141 3002 Parcite:
1173 2958 1225 3002 de
1256 2972 1411 3015 magno
1440 2965 1504 3002 est
1533 2959 1692 3015 praeda
1721 2958 1903 3014 petenda
1932 2972 2073 3014 grege.

577 3027 640 3082 (7)
887 3028 985 3084 Ipse
1014 3041 1152 3070 seram
1182 3032 1348 3069 teneras
1376 3032 1541 3069 maturo
1570 3032 1757 3081 tempore
1786 3027 1895 3069 uites

955 3095 1153 3138 Rusticus
1183 3100 1225 3137 et
1253 3094 1372 3136 facili
1400 3094 1580 3150 grandia
1608 3108 1735 3150 poma
1764 3108 1909 3137 manu:

888 3164 979 3207 Nec
1009 3177 1106 3220 spes
1135 3162 1348 3217 destituat,
1380 3161 1455 3205 sed
1483 3162 1652 3217 frugum
1682 3175 1848 3217 semper
1877 3176 2051 3206 aceruos

549 3231 640 3284 (10)
756 3234 811 3275 20
954 3232 1162 3273 Praebeat
1190 3236 1232 3273 et
1261 3231 1386 3285 pleno
1416 3230 1594 3285 pinguia
1622 3235 1763 3272 musta
1791 3231 1900 3272 lacu.

550 3297 641 3352 (11)
889 3300 1000 3341 Nam
1030 3312 1218 3352 ueneror,
1250 3312 1325 3341 seu
1354 3298 1485 3352 stipes
1514 3298 1643 3340 habet
1672 3297 1863 3342 desertus
1893 3298 1937 3340 in
1967 3299 2082 3352 agris

549 3366 640 3418 (12)
959 3367 1042 3411 Seu
1072 3371 1194 3410 uetus
1223 3366 1268 3409 in
1298 3365 1424 3409 triuio
1453 3365 1584 3410 florea
1613 3370 1725 3410 serta
1755 3365 1878 3421 lapis.
