3043 3838
1473 169 1522 211 11

345 310 459 367 apud
488 309 685 352 Plautum
716 306 900 361 (Curcul.
932 306 965 360 Ι,
996 305 1070 360 84)
1100 305 1364 350 Phaedromo
1394 319 1491 349 cum
1520 304 1620 348 uino
1650 303 1707 347 ad
1736 304 1904 360 puellae
1934 303 2062 348 aedes
2092 317 2142 348 eo
2173 303 2349 347 consilio
2374 303 2653 359 aggredienti,

345 385 390 422 ut
419 376 667 429 ianitricem,
699 389 827 417 anum
857 375 1136 426 multibibam,
1166 379 1418 428 corrumpat,
1444 374 1669 416 Palinurus
1694 376 1841 425 86111118
1866 372 1986 415 (11611;
2018 389 2082 425 eqo
2105 377 2202 413 nobie
2222 379 2323 425 sem·
2342 380 2463 416 censiti
2474 376 2654 426 (uinum),

344 460 397 491 ex
426 447 506 490 hoc
534 445 628 487 ioco
658 443 810 487 uernili
839 443 1061 486 occasione
1090 442 1192 485 data
1220 442 1335 485 facto
1357 441 1581 486 Dissenius
1610 441 1726 484 nullo
1756 441 1847 484 iure
1871 440 2079 484 conclusit
2102 439 2234 484 fuisse
2258 455 2416 485 morem
2443 441 2653 496 quendam

345 514 517 559 bibendi
545 518 644 556 ante
673 512 785 556 fores
814 511 1092 555 meretricum.
1141 511 1231 555 Fac
1254 516 1397 555 tamen
1420 510 1593 554 finxisse
1615 509 1697 553 hoc
1719 514 1907 565 poetam:
1938 524 2038 553 num
2063 509 2200 566 potuit
2223 511 2450 566 postulare,
2481 525 2535 555 ne
2559 510 2653 555 dor-

345 585 478 627 miens
519 582 563 624 in
604 581 747 635 platea
777 580 1031 623 excitaretur
1070 580 1128 634 (u.
1159 579 1236 634 4)?
1276 592 1378 622 num
1405 579 1543 635 potuit
1571 578 1663 621 eius
1692 578 1776 621 loci
1810 578 2073 633 miseraeque
2102 592 2206 621 suae
2241 579 2297 621 ad
2327 580 2480 622 ostium
2510 580 2653 623 eondi-

346 652 479 695 cionis
519 649 581 691 ita
610 648 817 702 obliuisci,
859 654 905 690 ut
934 661 988 690 ne
1023 653 1202 690 exeunte
1238 646 1409 702 quidem
1450 646 1637 689 carmine
1667 643 2086 703 παρακλαυσιθύρῳ
2124 646 2181 688 ad
2217 646 2261 689 id
2303 647 2441 702 ipsum
2473 661 2560 691 rem
2590 662 2652 691 re—

348 723 528 772 uocaret,
567 722 614 759 ut
643 716 687 758 in
717 715 866 759 eadem
895 715 1068 770 querela
1096 721 1297 758 reuocata
1326 720 1390 758 est
1418 715 1473 757 ab
1502 713 1680 757 Horatio
1715 728 1842 757 carm.
1873 714 1949 768 III,
1984 715 2035 757 lo
2070 719 2112 757 et
2147 714 2202 757 ab
2232 714 2386 758 Ouidio
2422 730 2503 758 am.
2535 716 2569 771 I,
2599 717 2655 759 6?

345 788 495 830 Valeat
524 790 566 827 et
595 784 701 827 haec
730 783 1033 839 interpretatio,
1065 797 1193 839 quam
1222 783 1296 838 qui
1324 788 1534 837 tueantur,
1571 787 1645 825 aut
1673 782 1871 836 nequisse
1900 788 2067 837 poetam
2098 788 2172 825 aut
2202 783 2389 827 noluisse
2419 784 2654 828 concedant

344 855 388 896 id
417 854 552 895 uitare
581 852 743 906 uitium,
774 851 887 905 quod
916 851 1206 906 turpissimum
1235 856 1299 893 est
1327 851 1534 904 omnibus,
1564 850 1637 903 qui
1667 850 1867 903 scribunt,
1899 855 1944 891 ut
1975 851 2239 904 „pugnantia
2270 865 2414 893 secum
2444 852 2654 895 frontibus

344 898 910 1100 adivi-view
932 919 1037 962 Mihi
1067 919 1236 974 quidem
1267 919 1419 962 uulnus
1448 919 1529 962 hoc
1558 919 1651 961 1060
1681 918 1812 961 latere
1853 917 2020 960 uidetur
2059 932 2144 961 non
2180 919 2396 983 fomentis,
2439 920 2514 962 sed
2543 921 2654 963 ferro

345 1004 395 1033 cu
419 988 587 1032 andum.
647 987 989 1044 Perpendeamus
1025 1001 1134 1042 quae
1158 986 1284 1030 modo
1313 986 1507 1043 exposita
1536 991 1652 1040 sunt,
1700 986 1928 1040 addamus,
1971 986 2084 1041 quod
2112 993 2209 1030 uicta
2237 994 2387 1041 querelis
2418 994 2464 1031 ut
2494 993 2653 1044 pateat,

344 1059 385 1100 ia
416 1071 472 1100 ua
500 1061 655 1111 oratur,
680 1056 848 1099 tametsi
872 1055 978 1098 nihil
1003 1056 1268 1110 querelarum
1291 1060 1418 1098 antea
1446 1055 1639 1099 auditum
1663 1060 1739 1110 est,
1770 1055 1846 1098 sed
1869 1068 1986 1098 mera
2009 1056 2257 1108 maledicta;
2283 1056 2491 1100 addamus
2515 1071 2653 1113 porro,

345 1124 457 1180 quod
487 1121 781 1174 ὑποθετικῶς,
813 1128 858 1166 111
882 1124 1002 1166 3111111
1025 1123 1304 1178 grammatici,
1335 1123 1389 1165 de
1411 1123 1497 1165 illis
1520 1123 1773 1175 maledictis,
1798 1136 1907 1176 quae
1931 1123 2056 1165 modo
2080 1124 2268 1177 iactauit,
2298 1130 2425 1179 poeta
2449 1126 2653 1179 loquitur:

344 1198 397 1234 Et
425 1198 524 1234 mala
551 1198 657 1244 siqua
685 1197 748 1233 tibi
775 1198 864 1233 divit
899 1197 1073 1233 clementia
1106 1202 1240 1241 nostra,
1286 1198 1451 1243 iquoseas
1481 1191 1592 1245 (11),
1636 1191 1759 1245 quasi
1800 1204 1900 1232 uero
1936 1190 2195 1232 surdastram
2232 1197 2304 1233 aut
2339 1198 2426 1233 tam
2462 1192 2656 1235 infirmae

344 1259 571 1303 memoriae
601 1264 740 1314 speret
769 1272 862 1301 esse
891 1259 1076 1312 ianuam,
1119 1263 1166 1300 ut
1200 1258 1287 1300 iam
1323 1272 1408 1300 non
1442 1263 1601 1312 teneat,
1644 1263 1806 1313 quanta
1840 1257 2070 1300 maledicta
2104 1272 2149 1300 re
2179 1264 2221 1301 et
2250 1259 2428 1302 ueritate
2458 1259 2541 1302 sibi
2571 1261 2656 1303 sint

344 1328 521 1382 ingesta.
581 1326 660 1368 His
689 1326 815 1369 rebus
846 1325 1178 1381 comprehensis,
1222 1325 1416 1380 quamuis
1458 1325 1695 1382 speciosum
1736 1325 1780 1367 in
1816 1324 1986 1368 modum
2027 1325 2371 1381 imprecationem
2412 1326 2655 1383 deprecatio

344 1399 556 1449 sequatur,
586 1399 728 1436 tamen
757 1394 897 1437 facere
926 1407 1010 1436 non
1039 1406 1275 1449 possumus,
1307 1393 1408 1448 quin
1437 1394 1633 1437 fallacem
1668 1394 1779 1436 hanc
1810 1393 1994 1449 speciem
2024 1393 2269 1446 habeamus,
2301 1394 2548 1438 dirimamus
2578 1395 2656 1439 hos

345 1464 470 1517 locos,
514 1462 620 1505 duos
661 1462 879 1504 minimum
909 1475 1057 1505 uersus
1087 1461 1196 1504 inter
1225 1476 1264 1504 u.
1291 1463 1317 1505 8
1347 1467 1390 1505 61
1419 1464 1444 1505 9
1475 1476 1576 1506 63811
1607 1462 1767 1505 infelici
1796 1461 2006 1505 excidisse
2037 1476 2299 1517 censeamus,
2343 1463 2496 1517 quibus
2526 1470 2655 1520 poeta

345 1533 423 1573 hoc
452 1531 539 1573 fere
569 1530 783 1586 professus
814 1536 922 1573 erat:
953 1530 1199 1572 frustratum
1228 1536 1271 1573 et
1300 1531 1514 1586 repulsum
1543 1531 1619 1573 illa
1647 1537 1770 1573 nocte
1800 1536 1941 1572 tamen
1971 1544 2016 1572 se
2046 1545 2130 1573 non
2155 1545 2281 1585 posse
2306 1530 2518 1586 deterreri,
2550 1547 2651 1586 quo-

345 1600 483 1642 minus
514 1598 668 1642 rediret
698 1598 834 1642 denuo
860 1599 1021 1642 aditum
1047 1603 1296 1641 tentaturus.
1335 1598 1454 1650 Quae
1479 1613 1607 1654 quum
1631 1598 1821 1652 dixisset,
1853 1598 1926 1652 ita,
1958 1598 2095 1653 credo,
2127 1604 2387 1654 perrexerat:
2419 1606 2542 1650 ianua,
2571 1612 2656 1643 tum

346 1669 472 1722 (quum
504 1667 659 1722 rediero)
696 1679 828 1722 pateas
868 1674 932 1710 um·
969 1671 1055 1709 mihi
1092 1673 1188 1710 uicta
1216 1673 1375 1721 querelis.
1432 1666 1602 1710 Perdito
1640 1672 1781 1710 autem
1811 1666 1991 1709 disticho
2032 1673 2106 1709 iam
2135 1680 2210 1722 pro
2240 1677 2314 1709 tum
2344 1667 2546 1723 scriptum
2577 1674 2656 1723 est,

346 1742 391 1778 ut
420 1735 604 1790 aliquem
634 1736 678 1778 in
708 1735 878 1778 modum
904 1749 1052 1778 uersus
1084 1734 1129 1788 (8
1154 1740 1195 1778 61
1219 1735 1264 1788 9)
1290 1735 1690 1789 conglutinarentur.
1739 1736 1802 1777 Ac
1826 1735 1961 1790 perire
1987 1735 2196 1788 quomodo
2220 1735 2406 1789 potuerit
2429 1735 2653 1790 distichon,

344 1803 381 1846 si
410 1802 580 1857 quidem
610 1803 715 1845 talia
745 1816 945 1856 quaerere
975 1815 1128 1858 operae
1158 1802 1339 1857 pretium
1368 1803 1566 1856 habetur,
1603 1803 1665 1846 ita
1699 1802 1744 1845 in
1773 1808 1968 1858 promptu
1998 1808 2062 1845 est
2091 1802 2295 1845 conicere.
2356 1803 2441 1845 Ter
2471 1804 2652 1859 compel-

344 1871 431 1914 lata
461 1875 552 1914 erat
580 1870 722 1925 ianua,
752 1875 816 1913 ter
844 1870 997 1913 ianuae
1026 1883 1178 1913 nomen
1201 1870 1385 1926 positum
1409 1870 1642 1914 hexametri
1672 1871 1804 1913 initio.
1865 1870 1957 1922 Quo
1988 1871 2148 1913 factum
2172 1876 2248 1926 est,
2280 1876 2326 1913 ut
2356 1871 2651 1914 aberrantibus

344 1939 478 1983 oculis
508 1952 534 1981 a
563 1939 702 1994 prima
732 1938 1056 1994 compellatione
1087 1938 1240 1981 ianuae
1269 1939 1325 1981 ad
1354 1939 1522 1997 tertiam
1551 1939 1782 1982 transiliret
1811 1938 2021 1982 librarius.

546 2006 756 2058 Quoniam
785 2007 915 2060 igitur
942 2012 1129 2048 nostram
1160 2005 1212 2048 (16
1242 2011 1329 2049 1010
1359 2007 1452 2049 1060
1483 2007 1735 2049 86111611113111
1766 2006 2051 2062 exposuimus,
2098 2007 2166 2049 cui
2197 2006 2242 2048 in
2273 2007 2435 2061 reliquo
2466 2008 2653 2051 carmine

344 2073 448 2115 nihil
478 2079 554 2128 est,
587 2074 701 2128 quod
730 2087 814 2116 non
844 2073 1097 2129 respondeat
1127 2097 1181 2104 —-
1211 2087 1309 2115 nam
1340 2079 1480 2116 cetera
1509 2074 1652 2117 omnia
1675 2075 1782 2117 bene
1806 2074 2063 2116 conueniunt
2092 2074 2136 2115 in
2166 2087 2276 2128 eum,
2308 2074 2380 2128 qui
2411 2074 2526 2117 domi
2552 2089 2653 2118 suac

345 2142 494 2186 sedens
524 2148 566 2186 et
595 2156 744 2199 parum
773 2141 1031 2199 processisse
1062 2141 1313 2185 amatorium
1353 2142 1555 2199 impetum
1596 2142 1864 2198 conqueritur
1899 2148 1941 2186 61
1971 2141 2189 2199 repetendi
2219 2142 2401 2199 impetus
2431 2144 2653 2188 consilium

344 2211 457 2266 capit
486 2234 540 2240 —
570 2224 682 2252 nunc
711 2211 860 2266 paucis
902 2210 1174 2252 absoluamus
1216 2211 1505 2265 quaestionem
1547 2210 1599 2253 de
1634 2211 1948 2266 interpretando
1991 2218 2138 2265 imperio
2174 2216 2272 2253 Iouze
2312 2212 2369 2264 (u.
2402 2212 2446 2265 8)
2483 2227 2510 2254 3
2551 2214 2652 2255 111118

344 2278 479 2322 (106118
508 2278 756 2322 11181111113111.
815 2277 866 2321 Id
894 2292 979 2321 non
1009 2292 1085 2335 pro
1116 2278 1233 2322 iussu
1262 2278 1377 2322 Iouis
1408 2278 1565 2322 dictum
1595 2293 1689 2323 esse
1719 2278 1935 2323 contendit
1964 2278 2250 2333 Dissenius3
2282 2294 2380 2322 nam
2410 2280 2548 2336 ipsum
2571 2281 2649 2324 ful-

344 2346 458 2390 mina
487 2347 653 2390 mittere
682 2346 834 2390 debere
864 2346 1003 2401 deum,
1048 2360 1126 2390 nec
1157 2346 1209 2390 de
1238 2346 1440 2390 mandato
1477 2347 1655 2403 cogitari
1695 2360 1820 2403 posse
1856 2347 1953 2390 aliis
1989 2347 2081 2391 deis
2117 2347 2278 2401 dando;
2321 2348 2460 2403 potius
2489 2348 2650 2392 intelle-

344 2414 483 2470 genda
514 2420 558 2457 de
589 2420 698 2465 coelo,
746 2420 790 2457 de
818 2419 954 2458 aether-e
994 2414 1126 2458 missa
1165 2414 1357 2458 fulmina.
1417 2415 1561 2459 Nihilo
1591 2420 1734 2459 tamen
1764 2415 1895 2459 setius
1925 2421 2071 2469 imperio
2100 2420 2198 2458 Iouz‘s
2227 2421 2339 2459 recte
2368 2416 2650 2471 explicaueris

343 2488 536 2536 imperante
558 2488 653 2531 Ioue,
684 2482 808 2525 modo
838 2482 1061 2538 imperium
1092 2483 1315 2538 intellegas
1345 2496 1430 2525 non
1458 2483 1534 2525 alii
1563 2483 1655 2538 deo,
1686 2484 1761 2526 scd
1791 2484 1895 2539 ipsis
1925 2484 2173 2525 fulminibus
2202 2483 2358 2537 datum,
2390 2496 2498 2537 quae
2529 2485 2652 2538 quasi

345 2549 432 2592 uiui
463 2550 547 2594 sint
575 2548 689 2594 Iouis
719 2551 918 2606 ministri,
956 2551 1011 2593 ab
1041 2564 1091 2594 eo
1120 2564 1206 2594 non
1235 2556 1509 2605 torqueantur
1542 2556 1584 2594 et
1614 2551 1894 2606 coniciantur,
1937 2550 2013 2593 sed
2042 2550 2214 2593 ianuam
2243 2556 2384 2606 petere
2413 2551 2651 2593 iubeantur.

343 2617 442 2660 Noli
472 2618 600 2673 igitur
629 2623 980 2676 conuertere-nec
1022 2618 1130 2673 „auf
1152 2619 1368 2675 Juppiters
1399 2619 1536 2662 Gebot
1565 2619 1900 2674 geschleudcrt,“
1930 2632 2008 2661 1166
2038 2632 2143 2673 ,,3118
2177 2618 2391 2674 Juppiters
2415 2618 2548 2661 Reich
2578 2633 2650 2674 ge-

345 2685 594 2743 schleudert,
620 2687 696 2731 scd
720 2687 879 2743 „durch
902 2687 1118 2744 Juppiters
1144 2687 1281 2732 Gebot
1304 2687 1542 2731 entsandt“.
1579 2688 1697 2731 Haec
1720 2688 1828 2731 ratio
1852 2702 1981 2744 quum
2005 2687 2060 2730 ad
2084 2694 2300 2744 poetarum
2325 2685 2493 2729 dicendi
2517 2700 2652 2743 genus

339 2761 427 2797 tum
457 2756 513 2797 ad
542 2756 637 2811 ipsa
666 2757 796 2799 uerba
826 2756 967 2810 magis
998 2756 1319 2799 accommodata
1349 2770 1443 2799 esse
1471 2757 1575 2799 mihi
1605 2758 1784 2800 uidetur.

932 2881 995 2923 13.
1059 2884 1109 2923 Te
1137 2887 1333 2923 meminisse
1362 2886 1472 2932 decet,
1501 2899 1593 2935 quae
1614 2888 1776 2935 plurima
1805 2899 1889 2924 uoce
1912 2887 2038 2934 pereqz·

1105 2952 1286 3003 Supplice,
1323 2967 1432 3002 quum
1454 2956 1554 3003 posti
1568 2954 1687 3002 florea
1716 2961 1811 2992 serta
1841 2954 1975 2991 darem.

548 3040 834 3084 Dissenius:
885 3044 1004 3083 Notus
1033 3050 1083 3083 est
1110 3056 1207 3091 usus,
1247 3040 1405 3096 inquit,
1447 3044 1509 3082 ubi
1541 3047 1780 3083 coniunctium
1815 3045 1859 3081 de
1894 3046 2040 3094 repetita
2076 3047 2213 3083 actione
2243 3051 2450 3095 usurpatur,
2479 3046 2654 3095 quemad-

342 3112 486 3149 modum
524 3111 665 3151 Graece
693 3116 880 3164 optatiuus.
938 3114 1048 3151 Hunc
1086 3113 1370 3151 TVzmder-lichius
1397 3114 1454 3150 hic
1483 3114 1639 3159 adhibet,
1683 3114 1808 3150 darem
1843 3125 1914 3162 pro
1955 3114 2087 3162 quoties
2122 3113 2250 3150 darem
2286 3115 2467 3164 aplicans
2495 3121 2655 3163 sequente

342 3179 492 3225 Baebio,
520 3181 587 3216 sed
613 3194 682 3218 non
711 3185 892 3219 assentior.
948 3181 1034 3219 Non
1068 3188 1194 3218 temere
1233 3181 1436 3218 adhibenda
1476 3181 1565 3217 haec
1599 3184 1691 3218 ratio
1726 3188 1775 3218 est
1814 3193 1861 3217 ac
1896 3182 2048 3217 suauior
2088 3187 2120 3218 et
2156 3184 2274 3231 aptior
2314 3194 2407 3218 nunc
2434 3184 2538 3219 unius
2568 3185 2659 3219 certi

342 3249 508 3296 temporis
530 3250 694 3298 factique
721 3252 932 3287 recordatio.
990 3244 1168 3287 Addidit
1196 3244 1331 3300 plura,
1364 3244 1515 3298 quibus
1545 3243 1797 3287 sententiam
1828 3258 1949 3287 suam
1980 3243 2258 3299 confirmaret,
2290 3243 2365 3288 sed
2395 3245 2652 3300 nequiquam

342 3309 390 3351 in
410 3323 461 3352 ea
485 3323 529 3354 re
553 3310 789 3355 desudauit.
820 3312 969 3369 Neque
998 3313 1109 3356 enim
1139 3312 1342 3369 repetitae
1365 3311 1426 3355 161
1451 3312 1544 3367 („so
1570 3313 1630 3354 oft
1655 3312 1767 3364 als“)
1791 3326 1871 3355 nec
1891 3312 1994 3355 certi
2019 3313 2144 3356 unius
2168 3312 2271 3355 facti
2297 3312 2423 3367 („das
2449 3313 2543 3356 eine
2564 3312 2651 3355 Mal

342 3378 454 3431 als“)
485 3378 739 3434 significatio
770 3381 849 3424 hoc
879 3381 972 3424 loco
1005 3381 1161 3436 subest,
1193 3380 1268 3424 scd
1291 3381 1518 3437 primariae
1542 3380 1700 3424 actioni
1724 3387 1886 3434 plurima
1904 3388 2031 3435 pereqi
2052 3381 2303 3425 secundaria
2327 3381 2439 3424 actio
2463 3380 2653 3424 eiusdem

2109 3459 2152 3493 2*
