3043 3838
396 1193 491 1269 De
536 1192 715 1267 Albii
763 1193 1009 1269 Tibulli
1050 1194 1271 1269 tribus
1318 1191 1555 1286 primis
1603 1190 2014 1266 carminibus
2062 1189 2446 1282 disputatio,

471 1433 664 1477 Tibulli
705 1434 896 1478 carmina
938 1435 1253 1479 commentariis
1294 1435 1498 1479 instructa
1539 1448 1668 1489 quum
1709 1432 1824 1489 apud
1847 1431 2151 1476 Weidmannos
2193 1430 2384 1475 emittere
2426 1430 2580 1475 consti-

268 1503 459 1556 tuissem,
502 1502 676 1546 huiusce
712 1503 846 1546 libelli
884 1503 1177 1575 conscribendi
1215 1503 1355 1547 officio
1393 1503 1590 1559 imposito
1627 1502 1664 1546 si
1701 1502 1784 1545 mei
1814 1500 1867 1544 de
1897 1500 2068 1544 Tibullo
2098 1499 2247 1543 iudicii
2276 1499 2491 1556 specimen
2521 1499 2582 1543 ita

270 1571 452 1625 ederem,
495 1575 541 1613 ut
577 1571 692 1614 locos
733 1571 940 1626 quosdam
981 1576 1055 1615 aut
1084 1571 1380 1615 emendatione
1410 1571 1635 1615 mutandos
1665 1577 1739 1614 aut
1767 1585 1880 1614 noua
1909 1569 2255 1626 intelpretatione
2293 1568 2581 1612 defendendos

269 1639 506 1682 accuratius
542 1644 861 1695 pertractarem,
905 1653 983 1682 nec
1019 1640 1206 1682 oblatam
1243 1639 1434 1683 chartam
1463 1639 1639 1696 perdere
1668 1652 1745 1682 nec
1775 1638 1991 1695 proposito
2022 1637 2173 1680 maiori
2202 1637 2319 1692 operi
2350 1636 2577 1691 quicquam

270 1707 488 1750 detrahere
516 1707 621 1749 mihi
650 1707 837 1750 uidebar.
896 1709 1008 1750 Nam
1037 1709 1081 1750 in
1105 1709 1191 1763 illo,
1222 1715 1268 1752 ut
1291 1710 1476 1753 maxime
1499 1709 1731 1752 iuuentutis
1755 1708 1989 1751 litterarum
2013 1706 2230 1750 studiosae
2254 1706 2578 1750 necessitatibus

246 1776 503 1830 ·subueniet,
557 1775 765 1817 eiusmodi
804 1767 1162 1832 disputationibus
1206 1779 1364 1821 criticis
1399 1784 1441 1820 et
1476 1778 1706 1832 exegeticis
1748 1777 1822 1818 uix
1857 1777 1937 1819 erit
1966 1777 2096 1818 locus.
2168 1776 2291 1829 Elegi
2322 1780 2481 1827 autem,
2526 1774 2580 1816 de

268 1842 419 1898 quibus
447 1842 517 1885 hic
547 1842 808 1899 dissererem,
839 1843 998 1900 primas
1027 1849 1112 1889 tres
1142 1846 1314 1903 elegias.
1363 1845 1570 1899 Quaeres:
1604 1859 1678 1889 cur
1700 1845 1779 1888 has
1803 1844 2098 1901 potissimum?
2147 1843 2258 1895 Quia
2281 1844 2443 1899 primae
2468 1847 2577 1886 sunt.

267 1912 458 1954 Indicare
487 1913 599 1954 enim
628 1914 825 1955 uolebam
854 1928 940 1956 non
971 1916 1129 1957 selecta
1158 1916 1329 1969 singula
1358 1915 1566 1968 carmina,
1609 1920 1655 1956 ut
1684 1915 1853 1967 assolet,
1885 1913 1960 1955 sed
1990 1913 2133 1954 omnia
2162 1913 2255 1966 pari
2286 1926 2388 1954 cura
2417 1914 2576 1955 exami-

268 1983 369 2022 nata
397 1984 439 2022 et
466 1979 742 2035 interpretata
770 1997 883 2024 noua
912 1981 1097 2025 editione
1125 1982 1437 2037 propositurum
1466 1998 1533 2026 me
1557 1998 1662 2026 0880.
1710 1982 1860 2035 Itaque
1882 1986 1958 2025 aut
1982 1980 2124 2025 omnia
2147 1981 2228 2025 hoc
2252 1981 2358 2035 1000,
2395 1980 2440 2024 id
2463 1980 2579 2035 quod

267 2044 356 2090 fieri
396 2062 480 2092 non
520 2052 702 2103 poterat,
745 2053 818 2093 aut
858 2048 997 2105 prima
1026 2065 1236 2105 quaeque,
1279 2054 1326 2094 ut
1366 2049 1468 2105 feci,
1512 2049 1719 2095 debebam
1748 2049 1957 2106 persequi.
2017 2049 2067 2093 In
2097 2048 2250 2104 quibus
2286 2062 2579 2105 quaecumque

267 2127 423 2160 nouare
463 2129 593 2171 ausus
635 2130 746 2172 sum,
789 2117 983 2172 quamuis
1018 2131 1121 2162 uera
1154 2124 1229 2163 aut
1263 2118 1513 2163 uerisimilia
1553 2132 1645 2163 esse
1685 2131 1935 2174 persuasum
1975 2117 2176 2172 habeam,
2219 2121 2362 2161 tamen
2404 2130 2489 2161 non
2518 2118 2580 2161 ita

267 2196 451 2227 meorum
491 2185 758 2230 inuentorum
794 2186 1026 2232 admirator
1055 2201 1167 2242 sum,
1211 2192 1257 2232 ut
1286 2201 1338 2233 ea
1367 2201 1443 2244 pro
1472 2187 1724 2232 lectionibus
1754 2187 1894 2231 adhuc
1923 2186 2113 2243 probatis
2143 2186 2187 2229 in
2217 2186 2310 2242 ipso
2341 2186 2449 2230 libro
2479 2199 2576 2243 sup-

266 2252 477 2306 positurus
512 2254 611 2309 sim3
665 2255 740 2298 sed
774 2256 976 2299 asterisco
1013 2261 1176 2299 tantum
1218 2262 1292 2300 aut
1327 2257 1506 2300 diuersis
1540 2257 1654 2313 typis
1683 2261 1828 2299 notato
1858 2269 2025 2310 quoque
2056 2256 2150 2297 loco
2186 2255 2436 2311 suspicioso,
2477 2255 2581 2310 quid

267 2316 383 2361 aliud
419 2322 611 2375 sentiam,
649 2324 759 2366 infra
795 2326 1048 2367 memorabo.
1109 2327 1219 2368 Tota
1254 2331 1396 2369 autem
1426 2339 1604 2370 censura
1633 2339 1728 2368 mea
1756 2325 1970 2367 Luciani
1999 2325 2201 2367 Miilleri
2243 2325 2416 2380 egregia
2450 2338 2579 2379 opera

265 2387 326 2430 ita
349 2388 506 2444 nititur,
531 2396 578 2434 ut
602 2405 729 2445 quam
753 2393 868 2436 uiam
891 2394 963 2437 ille
987 2394 1180 2448 muniuit,
1205 2408 1257 2438 ea
1280 2395 1524 2450 procedenti
1547 2394 1651 2437 mihi
1674 2408 1768 2437 raro
1795 2394 2037 2438 declinandi
2056 2394 2300 2448 necessitas,
2327 2394 2418 2437 siue
2438 2393 2576 2448 magis

266 2455 406 2509 placet
434 2457 499 2501 ius
529 2473 622 2503 esse
651 2460 790 2504 uisum
821 2461 887 2504 sit.

1402 2661 1435 2711 I.

465 2831 652 2876 Primum
689 2847 857 2878 carmen
886 2836 1006 2878 Alfr.
1039 2836 1319 2879 Schoenius
1350 2836 1453 2891 (uid.
1485 2837 1625 2880 theses
1655 2837 1844 2879 adiectas
1873 2838 1929 2880 ad
1958 2842 2119 2891 quaest.
2151 2837 2397 2893 Hieronym.
2430 2837 2574 2892 capita

264 2895 335 2937 sel.
373 2896 437 2938 ed.
468 2899 605 2943 Berol.
646 2903 772 2957 1864)
809 2904 1074 2946 librariorum
1113 2904 1384 2959 neglegentia
1419 2919 1442 2947 e
1489 2905 1653 2948 duobus
1689 2905 1914 2948 conflatum
1950 2906 2172 2960 suspicans
2207 2905 2269 2947 ita
2305 2905 2484 2959 dirimit,
2528 2911 2575 2948 ut

263 2976 386 3007 uersu
415 2966 471 3009 35
500 2973 575 3011 Hic
602 2987 667 3024 eqo
690 2983 939 3026 pastoremque
967 2990 1081 3015 meum
1111 2972 1285 3016 alterius
1314 2973 1479 3016 initium
1504 2978 1673 3017 statuat.
1722 2975 1814 3017 Hoc
1837 2980 1911 3017 aut
1934 2975 2061 3018 fallor
2083 2981 2158 3019 aut
2181 2976 2368 3019 nondum
2392 2990 2573 3031 usquam

262 3030 328 3074 uir
362 3031 630 3082 doctissimus
660 3039 812 3093 quibus
841 3040 1100 3096 argumentis
1130 3045 1298 3096 putaret
1333 3042 1691 3097 comprobandum
1715 3042 1861 3097 edidit,
1892 3043 1930 3087 si
1954 3043 2125 3098 quidem
2150 3046 2417 3101 comprobari
2447 3061 2574 3101 posse

263 3099 502 3146 etiamnunc
537 3106 681 3150 credit.
740 3108 832 3186 Ego
869 3123 969 3152 uero
1005 3114 1050 3152 ut
1085 3109 1140 3152 ab
1177 3109 1259 3152 hac
1288 3108 1513 3153 dirimendi
1542 3110 1704 3154 ratione
1732 3126 1904 3167 prorsus
1935 3112 2161 3168 abhorreo,
2204 3114 2265 3157 ita
2294 3114 2400 3157 illud
2429 3115 2571 3158 obser·

262 3169 448 3212 uandum
471 3172 651 3217 arbitror
672 3176 909 3231 propinquo
934 3178 1063 3221 loco'
1051 3178 1229 3220 incisam
1256 3177 1550 3232 singularem
1538 3194 1582 3222 111
1606 3180 1777 3223 modum
1795 3194 1888 3224 esse
1910 3182 2145 3225 orationem
2164 3187 2382 3236 totumque
2401 3196 2573 3226 carmen

261 3236 461 3291 bipartito
497 3243 786 3296 compositum.
859 3244 966 3289 Vide
1001 3246 1113 3289 enim
1151 3258 1276 3289 uersu
1305 3246 1360 3289 41
1391 3246 1448 3289 ad
1489 3247 1678 3303 easdem,
1721 3249 1833 3293 unde
1875 3264 1995 3294 orsus
2037 3255 2119 3307 est,
2162 3250 2394 3295 sententias
2436 3250 2574 3295 redire

261 3308 448 3358 poetam,
501 3307 557 3350 ad
597 3308 842 3355 diuitiarum
884 3313 1237 3369 contemptionem
1279 3327 1535 3369 securaeque
1565 3320 1607 3359 et
1643 3316 1805 3362 otiosae
1841 3319 2104 3374 paupertatis
2140 3318 2414 3372 desiderium,
2469 3319 2571 3373 quin

260 3372 389 3414 etiam
418 3372 511 3428 ipso
541 3377 670 3421 uerbo
700 3379 971 3424 assimulatos
1001 3394 1094 3425 esse
1123 3381 1200 3425 hos
1230 3382 1365 3425 locos:
1396 3399 1466 3425 non
1501 3399 1564 3437 eqo
1588 3388 1732 3428 diuitias
1757 3410 1809 3415 —
1830 3391 1975 3429 diuitias
2004 3393 2109 3430 alius.
2156 3388 2287 3431 Porro
2318 3388 2437 3432 mitte
2466 3400 2570 3442 pau-

2052 3468 2067 3502 1
