3043 3838
1487 182 1513 224 8

893 321 963 363 49.
1023 324 1105 362 Hoc
1134 324 1221 362 mihi
1247 325 1444 373 continqat:
1471 325 1518 362 sit
1546 323 1646 362 diues
1675 326 1761 369 iure,
1783 324 1951 372 furorem

1085 390 1157 437 Qui
1183 393 1296 430 maris
1324 397 1356 430 d
1383 393 1497 430 trista
1520 393 1621 438 serre
1645 398 1758 442 potest
1779 393 1938 442 pluuias.

541 501 624 553 Qui
653 501 699 544 in
728 501 809 545 hoc
838 502 933 545 loco
963 499 1225 544 offenderunt
1255 504 1296 543 et
1325 517 1409 543 rure
1437 514 1514 556 pro
1543 507 1620 544 iure
1648 501 1715 545 uel
1738 506 1841 554 serre
1869 500 1938 543 uel
1968 506 2057 542 mire
2085 499 2356 545 scribendum
2386 506 2654 551 coniecerunt

336 569 407 612 uel
437 569 499 611 ita
529 569 935 625 interpungendum:
989 573 1072 611 Hoc
1099 572 1187 610 mihi
1220 574 1411 621 continyat.
1441 572 1517 610 Sit.-
1558 574 1658 611 diues
1691 575 1768 611 iure
1796 593 1851 598 —
1882 568 2140 622 (nominatos
2182 568 2281 612 uide
2317 573 2432 628 apud
2460 575 2508 617 L.
2539 576 2655 618 Mull.

334 649 375 689 p.
406 635 527 689 XVI)
557 635 589 678 ii
618 636 726 679 haec
756 636 843 679 fere
874 640 1092 691 reputasse
1116 634 1325 676 uidentur.
1375 635 1461 676 Aut
1490 641 1567 676 inre
1597 640 1700 679 diues.
1726 646 1775 676 est
1803 641 1878 677 aut
1905 642 1951 677 sit
1979 640 2083 677 diues
2117 636 2275 678 omisso
2305 643 2380 680 iure
2403 647 2515 684 recte
2540 643 2654 685 dica-

335 707 414 746 tur.
474 703 525 746 In
554 703 649 759 ipso
679 704 791 748 enim
821 703 1104 756 coniunctiuo,
1147 701 1220 756 qui
1250 701 1510 745 concedendi
1545 702 1633 745 uim
1668 702 1813 757 habet,
1856 701 1900 744 id
1930 702 2051 757 inest,
2094 707 2140 746 ut
2169 702 2247 746 ius
2277 703 2522 751 diuitiarum
2553 723 2649 753 con-

335 769 522 814 cedatur.
571 771 801 815 Potentiali
830 776 985 826 autem,
1016 783 1142 825 quem
1173 774 1341 825 uocant,
1373 784 1500 813 sensu
1536 771 1759 825 quominus
1784 770 2098 813 coniunctiuum
2123 770 2420 826 intellegamus
2448 773 2655 826 (δικαίως

339 834 394 881 ἂν
418 834 488 895 εἴη
516 836 772 895 πλούσιος),
804 853 932 894 quum
964 839 1061 881 aliis
1092 838 1216 881 rebus
1246 843 1335 880 tum
1365 838 1472 894 ipso,
1503 852 1587 893 quo
1617 839 1780 895 positus
1810 843 1886 892 est,
1917 839 2054 895 primo
2083 839 2177 882 loco
2206 839 2486 894 prohibemur.
2535 845 2658 888 Hunc

338 907 583 963 scrupulum
614 908 743 951 eximi
772 921 898 962 posse
929 907 1080 963 opinor
1110 911 1356 962 comparato
1387 900 1721 969 simili·alterius
1751 907 1914 962 elegiae
1944 908 2050 961 loco,
2082 920 2121 950 u.
2146 908 2220 949 27:

1003 1014 1172 1063 Quisquis
1200 1026 1322 1051 amore
1348 1019 1492 1059 tenatur,
1530 1021 1589 1051 eat
1615 1020 1774 1064 tuumque
1802 1027 1972 1064 sacerque

1064 1081 1248 1128 Qualibet.-
1276 1082 1426 1119 insidias
1448 1094 1517 1119 non
1545 1083 1699 1120 timuisse
1728 1082 1838 1120 decet.

542 1179 777 1234 Utrobique
807 1180 919 1222 enim
949 1178 1060 1222 duae
1089 1179 1323 1222 sententiae
1353 1178 1397 1220 in
1427 1191 1557 1220 unum
1588 1179 1853 1234 coaluerunt,
1896 1193 2074 1233 quarum
2111 1179 2247 1222 altera
2276 1179 2450 1225 alterius
2480 1196 2653 1226 causam

337 1248 536 1291 continet.
604 1252 768 1297 Qualibet
796 1259 871 1294 eat‚·
910 1265 996 1289 nam
1024 1257 1117 1289 tutus
1146 1258 1177 1288 et
1204 1263 1308 1287 sacer
1336 1256 1386 1287 we
1421 1259 1516 1287 cum
1554 1245 1738 1289 audacia
1768 1246 1953 1300 quadam
1994 1246 2056 1305 in·
2069 1247 2239 1291 breuius
2275 1249 2486 1293 contraxit
2514 1255 2653 1306 poeta,

336 1322 383 1359 ut
412 1316 595 1372 legimus
626 1315 721 1371 (der
748 1314 869 1371 gehe,
906 1329 974 1359 wo
1004 1328 1050 1359 es
1080 1314 1167 1357 ihm
1198 1313 1373 1367 beliebt,
1417 1312 1483 1357 als
1512 1312 1723 1369 gesichert
1753 1313 1840 1358 und
1869 1314 2031 1371 gefeit).
2092 1315 2198 1359 Item
2228 1314 2309 1359 hoc
2338 1315 2431 1360 loco
2461 1323 2507 1361 sit
2536 1322 2656 1367 diaes,-

334 1402 420 1427 nam
448 1391 526 1427 iure
553 1395 604 1427 est
645 1387 948 1427 commutatum
989 1383 1034 1426 in
1062 1389 1107 1425 sit
1136 1387 1235 1424 diues
1263 1387 1348 1424 iure.
1406 1382 1502 1424 Non
1544 1382 1722 1425 multum
1759 1382 1897 1426 differt
1920 1384 2107 1439 Propert.
2135 1384 2205 1438 IV,
2245 1385 2283 1440 7,
2310 1385 2364 1427 36
2403 1385 2485 1440 (ed.
2515 1387 2651 1440 Mun.)

336 1470 429 1496 nunc
458 1459 508 1495 sis
536 1459 614 1494 iure
642 1456 798 1506 superba
827 1457 916 1493 licet.

970 1611 1037 1652 ὃὸ.
1082 1614 1162 1698 >lle
1191 1615 1335 1651 retinent
1362 1616 1494 1651 uictum
1514 1615 1702 1663 formosae
1730 1616 1850 1652 uincla
1874 1616 2028 1664 puellae,

1148 1682 1202 1719 Et
1229 1682 1334 1718 sedeo
1364 1682 1479 1718 duras
1508 1683 1637 1718 ianitor
1665 1688 1746 1719 ante
1771 1684 1881 1725 lor-es.

544 1780 668 1833 Quod
709 1780 837 1834 uulgo
868 1780 1022 1834 legitur
1050 1786 1222 1828 uinctum,
1264 1791 1347 1820 uon
1378 1792 1557 1821 neruosa
1588 1778 1837 1832 cumulatio,
1880 1784 1926 1822 ut
1956 1780 2209 1834 quibusdam
2240 1781 2423 1835 uidetur,
2467 1782 2542 1825 sed
2566 1782 2655 1825 lan-

337 1850 468 1907 guida
498 1849 666 1893 iteratio
696 1852 760 1892 est
790 1853 831 1891 et
860 1848 1032 1891 Tibullo
1062 1847 1251 1902 indigna.
1312 1847 1515 1889 Italorum
1557 1851 1698 1890 autem
1735 1847 1938 1891 correctio
1973 1849 2158 1900 (uictum),
2201 1862 2328 1902 quam
2365 1849 2522 1904 optimo
2563 1850 2654 1892 iure

337 1918 497 1975 recepit
526 1918 627 1960 Luc.
660 1916 791 1971 Mun„
823 1929 872 1958 eo
903 1916 1077 1971 insuper
1106 1914 1437 1968 commendatur,
1468 1915 1582 1969 quod
1607 1915 1754 1957 horum
1779 1929 1976 1959 uersuum
2000 1917 2209 1959 sententia
2233 1918 2402 1971 egregie
2428 1918 2653 1971 opponitur

338 1987 503 2031 duobus
534 1985 840 2041 superioribus:

1056 2067 1116 2113 Te,
1146 2068 1334 2113 Blessalla,
1365 2067 1462 2104 decet
1491 2074 1587 2103 terra
1616 2068 1746 2104 bellare
1776 2070 1947 2118 marique,

1118 2135 1166 2172 Ut
1195 2135 1321 2171 domus
1349 2135 1488 2171 hostiles
1510 2137 1700 2185 praeferat
1728 2138 1887 2173 exuuias.

544 2236 637 2277 Hoc
666 2234 796 2290 igitur
825 2234 917 2277 uult
946 2238 1090 2289 poeta:
1147 2234 1254 2286 ‚‚Te‚
1285 2233 1504 2286 Messalla,
1548 2232 1669 2276 decet
1699 2234 1897 2276 bellando
1928 2235 2132 2278 uincere
2163 2235 2323 2290 hostes,
2366 2248 2434 2277 me
2464 2234 2654 2277 uictum

338 2304 473 2347 teneri
498 2318 525 2345 a
548 2303 731 2359 puella“.
762 2304 818 2345 Et
842 2302 989 2345 eodem
1008 2302 1134 2344 modo
1153 2301 1365 2344 contraria
1384 2315 1630 2356 comparare
1648 2303 1708 2344 ita
1725 2302 1880 2356 pergit:
1912 2304 2006 2356 „Tu
2026 2318 2206 2346 exornas
2224 2303 2478 2347 uestibulum
2501 2301 2655 2354 (tuum)

340 2372 489 2427 spoliis
519 2371 674 2426 captis;
706 2386 785 2425 ego
816 2371 860 2413 in
892 2369 1101 2413 uestibulo
1127 2368 1332 2424 (puellae)
1363 2369 1482 2412 iaceo
1514 2374 1559 2411 ut
1583 2382 1731 2412 seruus
1757 2370 2017 2413 catenatus.“
2065 2371 2189 2423 Quod
2212 2385 2347 2426 genus
2372 2365 2653 2420 ἀντιθέσεως,

339 2453 467 2494 quam
498 2452 576 2483 nos
611 2451 833 2494 uocamus,
876 2435 1081 2493 quantum
1123 2450 1253 2492 quum
1294 2436 1489 2480 omnibus
1531 2436 1764 2493 elegiarum
1805 2438 2080 2495 scriptoribus
2115 2439 2319 2483 Romanis
2362 2443 2449 2481 tum
2486 2437 2655 2479 Tibullo

338 2507 559 2564 placuerit,
591 2506 751 2550 nemini
780 2506 905 2549 docto
936 2519 1021 2549 non
1051 2511 1115 2549 est
1145 2510 1302 2548 notum:

917 2666 984 2709 57.
1045 2669 1131 2708 Non
1161 2681 1224 2719 eqo
1256 2669 1406 2707 laudari
1433 2681 1529 2715 curo,
1559 2682 1638 2707 mea
1667 2669 1797 2707 Delia.-
1836 2676 1951 2708 tecum

1092 2737 1300 2773 Dummodo
1328 2739 1407 2781 sim,
1436 2750 1567 2786 quaeso
1595 2739 1713 2786 scynis
1743 2740 1906 2787 inersque
1935 2751 2051 2777 nocer.

543 2834 776 2878 Annotauit
805 2834 906 2877 Luc.
937 2833 1055 2877 Mull.
1088 2833 1238 2888 (praef.
1271 2847 1310 2888 p.
1342 2833 1506 2888 XXX):
1550 2838 1611 2883 bis,
1642 2850 1712 2875 non
1747 2840 1905 2888 saepius,
1944 2841 2097 2889 ymnius
2132 2841 2389 2889 intetpunctum
2421 2841 2501 2885 post
2524 2782 2798 3074 pedem&

340 2910 502 2957 quintum
531 2908 736 2953 haz'ametri,
766 2907 797 2953 I,
830 2909 864 2953 1,
895 2908 950 2944 57
981 2912 1013 2945 et
1043 2908 1080 2952 4,
1111 2908 1138 2943 3

1031 3008 1133 3054 Quae
1161 3015 1223 3046 tua
1243 3009 1425 3056 formosos
1455 3011 1544 3059 cepit
1570 3010 1724 3046 sollertia
1737 3022 1749 3044 .·
1773 2959 1953 3046 certe]

1092 3076 1179 3114 Non
1208 3076 1270 3113 tibi
1296 3077 1409 3114 barba
1439 3079 1531 3122 nitet,
1561 3090 1630 3113 non
1659 3077 1722 3114 tibi
1748 3079 1841 3115 culta
1871 3084 2018 3115 comast.

545 3175 639 3218 Hac
670 3189 714 3218 re
744 3175 1000 3231 perducatur
1029 3174 1208 3218 forsitan
1238 3174 1469 3229 quispiam,
1512 3180 1558 3217 ut
1587 3174 1726 3229 priore
1756 3175 1849 3217 loco
1885 3176 2006 3218 colon
2044 3175 2198 3218 rectius
2229 3172 2329 3229 poni
2360 3173 2530 3214 censeat
2560 3174 2656 3213 ante

340 3243 603 3288 uocatiuum:
647 3260 716 3285 non
747 3260 809 3298 eqo
839 3248 988 3286 laudari
1015 3260 1119 3286 curo.-
1161 3260 1239 3285 mea
1269 3246 1398 3293 Delia,
1440 3254 1564 3285 tecum.
1623 3243 1715 3297 Ego
1746 3256 1846 3286 uero
1882 3256 1966 3285 non
2002 3248 2116 3299 puto.
2176 3243 2287 3285 Nam
2318 3243 2364 3282 ut
2392 3237 2557 3279 mittam
2586 3250 2656 3291 pe-

341 3313 495 3356 destris
525 3312 731 3354 sermonis
762 3326 884 3354 usum
915 3310 1196 3354 remouendae
1231 3312 1286 3354 ab
1322 3312 1493 3354 ineunte
1529 3311 1719 3354 oratione
1755 3312 2112 3366 compellationis,
2155 3326 2182 3354 a
2212 3324 2295 3365 quo
2331 3320 2410 3351 usu
2440 3303 2656 3348 discedere

341 3375 615 3532 haquubie
646 3380 802 3424 licebat
831 3385 995 3436 poetae,
1039 3385 1151 3424 certe
1187 3384 1229 3423 et
1265 3379 1371 3423 illud
1407 3389 1521 3423 tecum
1557 3380 1716 3424 maiore
1753 3380 1795 3423 ui
1831 3380 2145 3436 pronuntiatur,
2189 3379 2225 3423 si
2262 3381 2389 3421 antea
2423 3372 2559 3417 incisa
2595 3378 2658 3416 est
