3043 3838
2360 34 2450 90 w

1427 180 1479 223 19

296 330 508 370 quumque
536 316 594 359 ad
623 316 757 372 ipsius
788 315 960 360 Saturni
991 315 1226 370 sollemnia,
1267 315 1324 359 ad
1354 314 1599 359 Saturnalia
1633 314 1751 357 locus
1788 313 1902 356 nullo
1940 312 2065 355 modo
2095 312 2230 368 possit
2259 311 2418 366 referri,
2460 325 2514 354 ea
2542 312 2605 354 in-

297 383 438 427 eunda
466 383 633 427 uidetur
656 383 778 438 ratio,
809 389 856 427 ut
884 383 1205 439 interpretemur
1228 396 1316 426 rem
1340 396 1392 426 ex
1416 396 1533 425 more
1561 381 1635 424 illo
1660 382 1945 424 Romanorum
1969 380 2143 423 ciuitate
2166 380 2291 434 quasi
2314 393 2393 422 sua
2416 379 2605 422 donandi

297 452 542 507 peregrinos
571 452 685 495 deos.
744 452 856 494 Nam
891 450 1006 506 quae}
1035 450 1216 505 legimus
1245 450 1360 506 apud
1388 450 1584 494 Tacitum
1626 448 1741 504 (hist.
1768 448 1818 503 V,
1847 447 1913 501 4):
1967 452 2139 502 Lonqam
2179 452 2261 489 οδω
2299 451 2435 497 famem
2475 451 2607 489 crebo-125

297 524 419 563 adhuc
453 526 587 563 ieiuniis
617 524 783 573 fatentur
811 520 976 572 (Iudaea)
1011 529 1043 562 et
1070 529 1261 574 raptarum
1294 524 1448 573 fruyum
1484 526 1731 572 argumentum
1753 522 1865 571 parus
1892 520 2064 558 Iudaicus
2091 520 2187 556 nullo
2221 521 2396 566 fermento
2424 520 2605 557 aetium.

298 591 454 642 Septimo
484 592 542 631 dic
571 593 678 630 otium
703 593 883 642 placuisse
913 592 1057 641 seruiit,
1097 593 1183 642 quia
1210 592 1241 629 is
1269 591 1382 640 finem
1409 590 1572 629 laborum
1599 590 1734 633 Merit,-
1773 589 1854 626 dein
1883 589 2079 628 blandimte
2106 589 2233 625 inerua
2260 590 2444 637 septinmm
2470 600 2607 636 quoque

300 673 433 698 annum
485 662 653 710 iqnauz'ae
700 660 835 696 datum.
907 660 984 696 Alii
1014 659 1179 697 honorem
1213 672 1292 697 eum
1321 658 1479 697 Saturno
1507 658 1646 703 haberi,
1696 669 1757 695 seu
1778 659 1970 707 principia
2003 658 2180 705 reliqionis
2219 656 2438 693 tradentibus
2477 656 2610 701 Idaeis,

296 739 383 777 quos
418 740 499 767 cum
527 721 686 766 Saturno
721 728 847 777 pulsos
875 734 907 765 et
936 726 1134 765 conditores
1166 728 1277 775 qentas
1305 728 1519 776 accepimus,
1552 736 1613 762 seu
1648 725 1746 774 quod
1778 725 1824 761 cle
1856 730 1985 774 septem
2013 723 2202 768 sideribus,
2250 724 2329 772 quis
2357 724 2522 760 mortales
2550 735 2607 760 res

295 803 474 846 requratur,
503 797 671 834 altissimo
701 795 784 834 orbe
812 801 844 833 et
865 797 1068 845 praecipua
1090 796 1250 845 potentia
1277 795 1376 833 stella
1406 794 1559 833 Saeva-ni
1578 796 1724 842 feratur
1746 811 1802 818 —-
1826 788 1932 831 haec
1955 788 2194 831 testimonio
2225 793 2323 831 sunt
2352 787 2603 831 Iudaeorum

296 859 439 915 deum,
483 864 529 903 ut
557 859 776 916 popularis
806 864 934 914 esset,
976 859 1160 913 quodam
1190 858 1316 902 modo
1347 858 1568 902 confusum
1597 870 1690 899 esse
1720 870 1816 900 cum
1847 857 2029 900 Saturno
2059 857 2257 911 illiusque
2287 870 2411 900 sacra
2440 857 2495 899 ab
2524 857 2605 899 hoc

296 927 477 971 deducta
506 940 600 970 esse
630 932 813 969 auctore.
862 928 953 969 Iam
984 940 1085 970 uero
1111 928 1319 981 Tibullus,
1351 940 1594 981 quanquam
1624 925 1841 968 exhaustis
1867 925 2017 967 ceteris
2041 925 2233 968 morandi
2257 925 2604 968 excusationibus

295 995 352 1039 ad
377 995 660 1040 Sabbatorum
690 994 826 1050 legem
857 995 1046 1050 confugit
1076 995 1198 1049 eique
1227 1007 1273 1038 se
1297 995 1527 1037 obnoxium
1550 993 1666 1046 dicit,
1698 998 1839 1036 tamen
1865 1007 1994 1047 quum
2019 993 2136 1036 illam
2160 999 2337 1036 externa
2361 992 2606 1036 domesticis

294 1063 498 1108 miscendi
528 1062 875 1106 consuetudinem
905 1067 1073 1106 secutus
1103 1062 1160 1105 ad
1190 1062 1363 1105 Saturni
1393 1062 1553 1104 cultum
1589 1075 1684 1104 eam
1721 1062 1858 1116 legem
1888 1066 1962 1104 aut
1991 1061 2119 1105 refert
2146 1067 2238 1115 aut,
2280 1062 2325 1105 id
2355 1061 2469 1116 quod
2498 1061 2604 1103 nihil

294 1132 478 1185 interest,
510 1130 664 1172 referre
694 1143 739 1172 se
769 1131 952 1182 simulat,
983 1144 1067 1171 non
1098 1144 1125 1171 a
1155 1144 1201 1171 se
1230 1144 1362 1171 suaue
1391 1130 1443 1171 de
1473 1130 1622 1184 patriis
1652 1129 1744 1171 deis
1774 1130 1962 1172 colendis
1993 1130 2190 1183 opinione
2219 1144 2368 1183 pamm
2393 1129 2605 1172 constanti

294 1200 436 1241 animo
467 1198 682 1251 desciscit,
726 1197 800 1240 sed
830 1203 1032 1252 tanquam
1067 1197 1181 1240 uiam
1212 1197 1294 1241 sibi
1323 1201 1541 1253 comparat
1569 1196 1626 1240 ad
1655 1210 1729 1240 eas
1758 1196 1925 1252 laudes,
1968 1196 2121 1251 quibus
2151 1196 2277 1252 paulo
2307 1201 2403 1253 post
2433 1195 2605 1240 Saturni

294 1281 468 1322 regnum
498 1265 616 1310 effert
646 1270 688 1310 et
716 1279 889 1310 auream
924 1265 1043 1310 illam
1067 1265 1187 1324 pacis
1211 1278 1263 1310 ac
1287 1265 1605 1320 tranquillitatis
1630 1269 1826 1310 aetatem.
1876 1264 2071 1309 Ceterum
2095 1265 2168 1321 qui
2193 1264 2311 1307 aliud
2334 1265 2603 1308 confusorum

293 1335 353 1378 ita
399 1333 573 1377 deorum
609 1333 848 1389 exemplum
890 1332 1147 1388 desiderant,
1190 1347 1263 1377 eos
1293 1335 1434 1388 relego
1464 1335 1519 1376 ad
1548 1335 1693 1377 Horat.
1726 1340 1803 1375 sat.
1835 1335 1895 1387 II,
1926 1335 1972 1386 3,
2015 1335 2098 1374 288
2141 1334 2313 1387 eiusque
2355 1335 2436 1376 loci
2477 1335 2602 1375 inter-

292 1408 441 1457 pretes.

914 1549 980 1589 29.
1047 1552 1096 1589 L'c
1125 1565 1204 1589 mea
1235 1555 1373 1590 uotiuas
1395 1554 1602 1602 persoluens
1630 1552 1739 1588 Delia
1769 1563 1873 1587 uoces

1106 1621 1198 1658 Ante
1225 1633 1355 1658 sacras
1384 1622 1453 1658 lino
1481 1626 1572 1658 tecta
1598 1622 1697 1662 fores
1725 1620 1846 1657 sedeat

1040 1689 1177 1737 Bisque
1206 1688 1263 1726 die
1291 1689 1446 1727 resoluta
1476 1701 1598 1726 comas
1626 1687 1689 1726 tibi
1716 1687 1834 1725 dicere
1863 1687 1987 1725 laudes

1108 1757 1263 1807 Insignis
1291 1757 1395 1795 turba
1425 1757 1549 1794 debeat
1576 1758 1611 1794 in
1640 1756 1793 1793 Pharia.

498 1865 756 1909 Discordant
796 1866 1065 1923 interpretes,
1104 1880 1232 1921 quum
1266 1867 1343 1909 alii
1378 1873 1517 1909 uotiuas
1546 1882 1649 1908 uoces
1683 1865 1931 1922 simpliciter
1973 1879 2049 1921 per
2077 1876 2159 1907 uota
2191 1867 2470 1922 explicandas
2499 1883 2605 1924 esse,

296 1948 488 1989 quaeque
512 1940 613 1976 uota
638 1935 734 1988 sint,
759 1935 963 1990 proximis
988 1935 1179 1977 uersibus
1203 1935 1345 1977 doceri
1364 1940 1548 1988 censent,
1572 1934 1754 1990 primum
1771 1934 1890 1975 illam
1911 1939 2009 1976 ante
2022 1934 2162 1976 Iseum
2181 1935 2425 1989 sessionem,
2452 1937 2604 1982 deinde

293 2002 472 2057 hymnos
497 2002 562 2045 bis
587 2002 631 2043 in
655 2001 724 2044 die
749 2015 844 2044 cum
868 2002 1032 2055 reliqua
1056 2003 1285 2045 Isiacorum
1305 2003 1430 2044 turba
1449 2001 1654 2056 edendos3
1680 2001 1756 2043 alii
1773 2015 1849 2057 pro
1869 2007 1970 2050 uotis,
1994 2002 2319 2057 qualiacumque
2340 2004 2437 2058 sint,
2466 2012 2606 2048 notium

294 2087 396 2111 uoces
425 2069 511 2111 dici
540 2082 665 2125 posse
695 2068 899 2123 negantes
928 2070 1059 2124 ipsas*
1076 2070 1192 2123 illas,
1234 2083 1343 2123 quae
1374 2069 1517 2112 statim
1547 2074 1946 2122 commemorantur,
1990 2069 2096 2113 deae
2126 2074 2253 2112 laudes
2282 2071 2349 2114 his
2378 2073 2519 2116 uerbis
2549 2074 2602 2116 si-

292 2138 485 2191 gnificari
515 2138 722 2191 uniusque
752 2143 794 2180 et
823 2137 1012 2180 eiusdem
1042 2137 1327 2206 uenerationis
1357 2137 1464 2181 duas
1493 2142 1635 2194 partes
1664 2141 1751 2180 toto
1776 2137 1870 2180 loco
1895 2136 2079 2180 describi
2103 2138 2372 2182 contendunt.
2420 2141 2484 2184 Ac
2507 2155 2601 2197 par-

292 2212 376 2249 tem
407 2205 577 2259 quidem
607 2205 799 2249 ueritatis
829 2205 994 2260 utrique
1026 2205 1209 2249 assecuti
1239 2219 1332 2249 esse
1368 2205 1472 2249 mihi
1501 2204 1715 2260 uidentur,
1752 2205 1890 2249 neutri
1920 2210 2062 2249 tamen
2092 2206 2313 2250 ueritatem
2343 2212 2486 2251 totam.
2546 2210 2600 2252 Hi

293 2274 406 2317 enim
436 2278 548 2316 recte
579 2290 683 2316 uoces
707 2280 846 2315 uotinas
869 2273 1197 2329 interpretantur
1221 2291 1325 2316 uoces
1350 2284 1464 2325 notas,
1487 2274 1514 2316 i.
1540 2287 1575 2317 e.
1602 2290 1706 2316 uoces
1729 2290 1774 2315 eo:
1798 2283 1878 2315 uoto
1901 2278 1995 2316 Isidi
2015 2278 2240 2323 reddendas,-
2269 2275 2332 2318 illi
2356 2290 2440 2319 non
2464 2278 2598 2320 minus

293 2348 404 2384 recte
434 2342 517 2384 duo
547 2355 705 2396 genera
733 2341 1018 2384 uenerationis
1048 2346 1237 2384 statuunt
1265 2355 1437 2397 prorsus
1468 2341 1656 2384 diuersa:
1699 2342 1833 2385 altero
1865 2341 1922 2395 (u,
1954 2341 2028 2396 30)
2059 2342 2152 2385 sola
2181 2342 2332 2386 sedens
2362 2344 2500 2386 uelato
2531 2358 2599 2388 ca-

293 2410 380 2466 pite
409 2416 509 2453 ante
538 2409 688 2453 aedem
717 2408 982 2466 perfungitur
1010 2409 1149 2466 Delia,
1179 2410 1313 2455 altero
1344 2410 1403 2466 (u.
1435 2411 1502 2454 31.
1534 2409 1621 2464 32).
1659 2409 1703 2453 in
1733 2409 1858 2453 turba
1888 2415 2006 2453 stans
2043 2410 2229 2454 resoluta
2258 2424 2379 2454 coma
2407 2412 2450 2454 in
2480 2413 2598 2457 aede.

294 2481 386 2523 Hae
416 2484 557 2522 autem
588 2479 698 2522 duae
728 2479 912 2523 rationes
948 2479 1010 2522 ita
1039 2478 1369 2538 coniungendae.
1430 2479 1603 2535 Duplici
1639 2478 1763 2533 quasi
1798 2479 1985 2534 imagine
2020 2480 2237 2536 proposita
2266 2480 2445 2537 primum
2474 2481 2601 2525 Delia

294 2563 345 2592 ex
376 2547 582 2603 singulari
611 2553 710 2591 uoto
741 2562 817 2604 pro
847 2548 1049 2591 amatoris
1090 2548 1226 2592 salute
1266 2548 1380 2592 facto
1416 2547 1600 2591 adorans
1636 2552 1700 2591 est
1735 2546 1859 2590 deam
1895 2547 1950 2590 iis
1985 2548 2314 2604 precationibus,
2351 2563 2528 2604 quarum
2559 2558 2602 2596 et

293 2629 426 2671 genus
456 2621 613 2658 certum
644 2620 686 2658 et
715 2629 933 2658 numerum
968 2616 1173 2671 promisit,
1215 2629 1324 2670 quae
1359 2616 1625 2671 precationes
1665 2628 1795 2670 quum
1831 2615 2058 2658 summissa
2092 2629 2196 2659 uoce
2231 2622 2272 2659 et
2300 2620 2601 2663 murmurantis

294 2685 376 2727 ritu
406 2683 597 2738 edantur,
641 2688 687 2726 ut
722 2683 874 2737 quibus
910 2684 1050 2727 uerbis
1087 2687 1316 2740 conceptae
1352 2684 1454 2739 sint,
1497 2683 1690 2727 exaudiri
1724 2696 1808 2726 non
1851 2683 1996 2739 possit,
2039 2684 2254 2740 aptissime
2291 2698 2396 2729 uoces
2424 2688 2603 2739 (notitiae)

294 2757 509 2794 uocantur.
570 2751 679 2793 Tum
709 2751 942 2793 communis
972 2757 1014 2793 et
1044 2751 1293 2804 quotidiana
1323 2752 1577 2808 supplicatio
1607 2751 1895 2804 adumbratur,
1928 2752 1995 2793 cui
2025 2757 2069 2793 ut
2097 2752 2277 2805 gratiam
2309 2753 2416 2796 deae
2446 2755 2603 2798 referat

294 2833 369 2874 pro
400 2824 568 2861 seruato
599 2824 801 2871 amatore,
832 2818 1156 2872 diligentissime
1185 2832 1237 2861 ac
1267 2819 1584 2874 religiosissime
1614 2819 1816 2861 interesse
1847 2818 2037 2861 debitura
2067 2819 2131 2861 sit.

915 2990 982 3032 δέ.
1042 2993 1217 3031 Nondum
1246 2995 1429 3033 caeruleas
1452 2995 1561 3044 pinus
1590 3000 1843 3044 contempserat
1871 2993 1989 3030 undas

1106 3063 1275 3110 Effusum
1305 3065 1415 3115 uentis
1437 3063 1719 3112 praebueratque
1745 3063 1869 3097 sinum.

496 3169 560 3212 Ne
590 3170 782 3225 repetita,
812 3175 858 3212 ut
881 3170 1012 3225 aiunt,
1044 3170 1213 3213 crambe
1237 3169 1455 3212 fastidium
1484 3183 1687 3222 moneam,
1712 3168 1871 3229 paucisv
1891 3182 2036 3212 eorum
2060 3183 2128 3213 me
2158 3184 2252 3215 esse
2275 3172 2483 3227 profiteor,
2509 3175 2601 3227 qui-

229 3232 234 3237 ’
293 3237 370 3280 bus
400 3236 505 3279 illud
537 3248 793 3292 contempserat
819 3238 990 3294 probari
1019 3252 1103 3282 non
1132 3243 1271 3295 potest
1300 3244 1346 3281 ut
1375 3237 1674 3290 Tibullianum,
1705 3249 1790 3279 non
1820 3250 1903 3290 quo
1934 3237 2061 3280 nimis
2091 3239 2280 3293 grauiter
2301 3253 2353 3283 ac
2376 3241 2601 3296 magnifice

253 3310 267 3318 '
294 3304 452 3347 dictum
482 3317 575 3348 esse
615 3306 810 3360 arbitrer,
853 3312 898 3349 ut
934 3307 1162 3350 arbitratus
1197 3312 1261 3350 est
1295 3305 1540 3361 Heynius,
1582 3304 1657 3348 sed
1697 3304 1936 3359 quaesitum
1972 3319 2023 3349 ac
2059 3307 2252 3362 putidum
2294 3308 2399 3351 mihi
2434 3308 2602 3352 uidetur

292 3372 546 3417 uocabulum
570 3373 840 3429 alienumque
864 3387 891 3417 a
911 3374 1070 3418 Tibulli
1095 3374 1366 3431 simplicitate
1390 3372 1570 3428 dicendi,
1596 3386 1706 3427 quae
1730 3374 1944 3429 ceteroqui
1969 3374 2050 3418 hac
2074 3375 2118 3417 in
2142 3376 2423 3434 descriptione
2447 3390 2602 3420 aureae

2149 3455 2193 3489 3*
